
  <record>
    <leader>02937nam a2200697 c 4500</leader>
    <controlfield tag="001">990001300270108281</controlfield>
    <controlfield tag="005">20230425001302.0</controlfield>
    <controlfield tag="008">201011s2004    gw            00| | ger|d</controlfield>
    <datafield tag="015" ind1=" " ind2=" ">
      <subfield code="a">GFR-DNB-04,N24,1546</subfield>
    </datafield>
    <datafield tag="016" ind1="7" ind2=" ">
      <subfield code="a">971184305</subfield>
      <subfield code="2">GyFmDB</subfield>
    </datafield>
    <datafield tag="020" ind1=" " ind2=" ">
      <subfield code="a">3804418139</subfield>
      <subfield code="c">Kt. : ca. EUR 5.90, ca. CHF 11.00</subfield>
    </datafield>
    <datafield tag="028" ind1="0" ind2="2">
      <subfield code="a">356</subfield>
    </datafield>
    <datafield tag="035" ind1=" " ind2=" ">
      <subfield code="a">(swissbib)217829066-41slsp_network</subfield>
    </datafield>
    <datafield tag="035" ind1=" " ind2=" ">
      <subfield code="a">217829066</subfield>
      <subfield code="9">ExL</subfield>
    </datafield>
    <datafield tag="035" ind1=" " ind2=" ">
      <subfield code="a">(IDSBB)003389885DSV01</subfield>
    </datafield>
    <datafield tag="035" ind1=" " ind2=" ">
      <subfield code="a">(NEBIS)004886713EBI01</subfield>
    </datafield>
    <datafield tag="035" ind1=" " ind2=" ">
      <subfield code="a">(DDB)971184305</subfield>
    </datafield>
    <datafield tag="035" ind1=" " ind2=" ">
      <subfield code="a">(CH-ZuSLS)991158267949705501</subfield>
    </datafield>
    <datafield tag="035" ind1=" " ind2=" ">
      <subfield code="a">(EXLNZ-41SLSP_NETWORK)991158267949705501</subfield>
    </datafield>
    <datafield tag="035" ind1=" " ind2=" ">
      <subfield code="a">(41SLSP_ABN)990001300270108281</subfield>
    </datafield>
    <datafield tag="040" ind1=" " ind2=" ">
      <subfield code="a">DDB</subfield>
      <subfield code="e">kids</subfield>
      <subfield code="d">CH-ZuSLS</subfield>
    </datafield>
    <datafield tag="041" ind1="0" ind2=" ">
      <subfield code="a">ger</subfield>
    </datafield>
    <datafield tag="044" ind1=" " ind2=" ">
      <subfield code="a">gw</subfield>
    </datafield>
    <datafield tag="072" ind1=" " ind2="7">
      <subfield code="a">nd</subfield>
      <subfield code="2">SzZuIDS BS/BE</subfield>
    </datafield>
    <datafield tag="082" ind1="1" ind2="4">
      <subfield code="a">830</subfield>
      <subfield code="2">15</subfield>
    </datafield>
    <datafield tag="084" ind1=" " ind2=" ">
      <subfield code="a">GN 4602</subfield>
      <subfield code="2">rvk</subfield>
    </datafield>
    <datafield tag="100" ind1="1" ind2=" ">
      <subfield code="a">Rothenb&#252;hler, Daniel</subfield>
      <subfield code="d">1951-</subfield>
      <subfield code="0">(DE-588)123650771</subfield>
    </datafield>
    <datafield tag="245" ind1="1" ind2="0">
      <subfield code="a">Erl&#228;uterungen zu Max Frisch: Stiller</subfield>
      <subfield code="c">von Daniel Rothenb&#252;hler</subfield>
    </datafield>
    <datafield tag="246" ind1="1" ind2="3">
      <subfield code="a">Max Frisch, Stiller</subfield>
    </datafield>
    <datafield tag="250" ind1=" " ind2=" ">
      <subfield code="a">1. Aufl.</subfield>
    </datafield>
    <datafield tag="264" ind1=" " ind2="1">
      <subfield code="a">Hollfeld</subfield>
      <subfield code="b">Bange</subfield>
      <subfield code="c">2004</subfield>
    </datafield>
    <datafield tag="300" ind1=" " ind2=" ">
      <subfield code="a">112 S.</subfield>
    </datafield>
    <datafield tag="336" ind1=" " ind2=" ">
      <subfield code="b">txt</subfield>
      <subfield code="2">rdacontent</subfield>
    </datafield>
    <datafield tag="337" ind1=" " ind2=" ">
      <subfield code="b">n</subfield>
      <subfield code="2">rdamedia</subfield>
    </datafield>
    <datafield tag="338" ind1=" " ind2=" ">
      <subfield code="b">nc</subfield>
      <subfield code="2">rdacarrier</subfield>
    </datafield>
    <datafield tag="490" ind1="1" ind2=" ">
      <subfield code="a">K&#246;nigs Erl&#228;uterungen und Materialien</subfield>
      <subfield code="v">Bd. 356</subfield>
    </datafield>
    <datafield tag="504" ind1=" " ind2=" ">
      <subfield code="a">Literatur- und URL-Verz. S. 106 - 112</subfield>
    </datafield>
    <datafield tag="600" ind1="1" ind2="7">
      <subfield code="a">Frisch, Max</subfield>
      <subfield code="x">Stiller</subfield>
      <subfield code="v">Lehrmittel</subfield>
      <subfield code="2">idsbb</subfield>
    </datafield>
    <datafield tag="600" ind1="1" ind2="7">
      <subfield code="a">Frisch, Max; Stiller</subfield>
      <subfield code="2">idszbz</subfield>
    </datafield>
    <datafield tag="600" ind1="1" ind2="7">
      <subfield code="a">Frisch, Max</subfield>
      <subfield code="d">1911-1991</subfield>
      <subfield code="t">Stiller</subfield>
      <subfield code="x">Deutschunterricht</subfield>
      <subfield code="v">Lehrmittel</subfield>
      <subfield code="2">gnd</subfield>
    </datafield>
    <datafield tag="600" ind1="1" ind2="7">
      <subfield code="a">Brecht, Bertolt</subfield>
      <subfield code="d">1898-1956</subfield>
      <subfield code="t">Mutter Courage und ihre Kinder</subfield>
      <subfield code="0">(DE-588)4099145-3</subfield>
      <subfield code="2">gnd</subfield>
    </datafield>
    <datafield tag="600" ind1="1" ind2="7">
      <subfield code="a">Frisch, Max</subfield>
      <subfield code="d">1911-1991</subfield>
      <subfield code="0">(DE-588)118536109</subfield>
      <subfield code="2">gnd</subfield>
    </datafield>
    <datafield tag="600" ind1="1" ind2="7">
      <subfield code="a">Frisch, Max</subfield>
      <subfield code="d">1911-1991</subfield>
      <subfield code="t">Stiller</subfield>
      <subfield code="0">(DE-588)4128890-7</subfield>
      <subfield code="2">gnd</subfield>
    </datafield>
    <datafield tag="650" ind1=" " ind2="7">
      <subfield code="a">Deutschunterricht</subfield>
      <subfield code="0">(DE-588)4011975-0</subfield>
      <subfield code="2">gnd</subfield>
    </datafield>
    <datafield tag="650" ind1=" " ind2="7">
      <subfield code="a">Interpretation</subfield>
      <subfield code="0">(DE-588)4072905-9</subfield>
      <subfield code="2">gnd</subfield>
    </datafield>
    <datafield tag="650" ind1=" " ind2="7">
      <subfield code="a">Literatur</subfield>
      <subfield code="0">(DE-588)4035964-5</subfield>
      <subfield code="2">gnd</subfield>
    </datafield>
    <datafield tag="650" ind1=" " ind2="7">
      <subfield code="a">DEUTSCHSPRACHIGE SCHWEIZER LITERATUR</subfield>
      <subfield code="9">ger</subfield>
      <subfield code="0">(ETHUDK)000042625</subfield>
      <subfield code="2">ethudk</subfield>
    </datafield>
    <datafield tag="650" ind1=" " ind2="7">
      <subfield code="a">LITERARISCHE MOTIVE</subfield>
      <subfield code="9">ger</subfield>
      <subfield code="0">(ETHUDK)000036279</subfield>
      <subfield code="2">ethudk</subfield>
    </datafield>
    <datafield tag="650" ind1=" " ind2="7">
      <subfield code="a">LITERATURKRITIK + LITERATURWISSENSCHAFTLICHE INTERPRETATION</subfield>
      <subfield code="9">ger</subfield>
      <subfield code="0">(ETHUDK)000036455</subfield>
      <subfield code="2">ethudk</subfield>
    </datafield>
    <datafield tag="650" ind1=" " ind2="7">
      <subfield code="a">LITERATURUNTERRICHT (FACHUNTERRICHT)</subfield>
      <subfield code="9">ger</subfield>
      <subfield code="0">(ETHUDK)000012176</subfield>
      <subfield code="2">ethudk</subfield>
    </datafield>
    <datafield tag="650" ind1=" " ind2="7">
      <subfield code="a">ROMANE (LITERATURGATTUNG)</subfield>
      <subfield code="9">ger</subfield>
      <subfield code="0">(ETHUDK)000036420</subfield>
      <subfield code="2">ethudk</subfield>
    </datafield>
    <datafield tag="650" ind1=" " ind2="7">
      <subfield code="a">SEKUNDARSTUFE II + GYMNASIEN (BILDUNGSSYSTEM)</subfield>
      <subfield code="9">ger</subfield>
      <subfield code="0">(ETHUDK)000012187</subfield>
      <subfield code="2">ethudk</subfield>
    </datafield>
    <datafield tag="650" ind1=" " ind2="7">
      <subfield code="a">UNTERRICHTSMITTEL (DOKUMENTENTYP)</subfield>
      <subfield code="9">ger</subfield>
      <subfield code="0">(ETHUDK)000000098</subfield>
      <subfield code="2">ethudk</subfield>
    </datafield>
    <datafield tag="655" ind1=" " ind2="7">
      <subfield code="a">Lehrmittel</subfield>
      <subfield code="2">idszbz</subfield>
    </datafield>
    <datafield tag="830" ind1=" " ind2=" ">
      <subfield code="a">K&#246;nigs Erl&#228;uterungen zu den Klassikern</subfield>
      <subfield code="v">356</subfield>
      <subfield code="w">(IDSBB)001258782DSV01</subfield>
    </datafield>
    <datafield tag="830" ind1=" " ind2=" ">
      <subfield code="a">K&#246;nigs Erl&#228;uterungen und Materialien</subfield>
      <subfield code="v">356</subfield>
      <subfield code="w">(NEBIS)000990771EBI01</subfield>
    </datafield>
    <datafield tag="900" ind1=" " ind2=" ">
      <subfield code="a">IDSZ2zbzmon200503f</subfield>
      <subfield code="c">IDSZ2staub</subfield>
      <subfield code="d">IDSZ2zbzswk200504b</subfield>
      <subfield code="e">IDSZ2groc</subfield>
    </datafield>
    <datafield tag="957" ind1="1" ind2="7">
      <subfield code="a">Frisch, Max</subfield>
      <subfield code="d">1911-1991</subfield>
      <subfield code="t">Stiller</subfield>
      <subfield code="0">(DE-588)4128890-7</subfield>
      <subfield code="2">gnd</subfield>
      <subfield code="7">600</subfield>
      <subfield code="9">LOCAL</subfield>
    </datafield>
    <datafield tag="958" ind1="1" ind2=" ">
      <subfield code="a">Rothenb&#252;hler, Daniel</subfield>
      <subfield code="7">100</subfield>
      <subfield code="9">LOCAL</subfield>
    </datafield>
    <datafield tag="960" ind1=" " ind2=" ">
      <subfield code="a">Literatur</subfield>
      <subfield code="2">abn-YS</subfield>
      <subfield code="9">LOCAL</subfield>
    </datafield>
    <datafield tag="960" ind1=" " ind2=" ">
      <subfield code="a">Interpretation</subfield>
      <subfield code="2">abn-YS</subfield>
      <subfield code="9">LOCAL</subfield>
    </datafield>
    <datafield tag="960" ind1=" " ind2=" ">
      <subfield code="a">Frisch, Max</subfield>
      <subfield code="2">abn-YS</subfield>
      <subfield code="9">LOCAL</subfield>
    </datafield>
    <datafield tag="961" ind1=" " ind2=" ">
      <subfield code="8">83</subfield>
      <subfield code="2">abn-YN</subfield>
      <subfield code="9">LOCAL</subfield>
    </datafield>
  </record>