
  <record>
    <leader>01557nam a2200409 c 4500</leader>
    <controlfield tag="001">990001300300108281</controlfield>
    <controlfield tag="005">20230425003545.0</controlfield>
    <controlfield tag="008">040513s2004    gw            00| | ger|d</controlfield>
    <datafield tag="015" ind1=" " ind2=" ">
      <subfield code="a">GFR-DNB-04,N24,0714</subfield>
    </datafield>
    <datafield tag="016" ind1="7" ind2=" ">
      <subfield code="a">971184283</subfield>
      <subfield code="2">GyFmDB</subfield>
    </datafield>
    <datafield tag="020" ind1=" " ind2=" ">
      <subfield code="a">3804418104</subfield>
      <subfield code="c">Kt. : ca. EUR 5.90, ca. CHF 11.00</subfield>
    </datafield>
    <datafield tag="028" ind1="0" ind2="2">
      <subfield code="a">424</subfield>
    </datafield>
    <datafield tag="035" ind1=" " ind2=" ">
      <subfield code="a">(swissbib)047003448-41slsp_network</subfield>
    </datafield>
    <datafield tag="035" ind1=" " ind2=" ">
      <subfield code="a">047003448</subfield>
      <subfield code="9">ExL</subfield>
    </datafield>
    <datafield tag="035" ind1=" " ind2=" ">
      <subfield code="a">(IDSBB)003389881DSV01</subfield>
    </datafield>
    <datafield tag="035" ind1=" " ind2=" ">
      <subfield code="a">(DDB)971184283</subfield>
    </datafield>
    <datafield tag="035" ind1=" " ind2=" ">
      <subfield code="a">(CH-ZuSLS)991127232439705501</subfield>
    </datafield>
    <datafield tag="035" ind1=" " ind2=" ">
      <subfield code="a">(EXLNZ-41SLSP_NETWORK)991127232439705501</subfield>
    </datafield>
    <datafield tag="035" ind1=" " ind2=" ">
      <subfield code="a">(41SLSP_ABN)990001300300108281</subfield>
    </datafield>
    <datafield tag="040" ind1=" " ind2=" ">
      <subfield code="a">DDB</subfield>
      <subfield code="e">kids</subfield>
      <subfield code="d">CH-ZuSLS</subfield>
    </datafield>
    <datafield tag="044" ind1=" " ind2=" ">
      <subfield code="a">gw</subfield>
    </datafield>
    <datafield tag="072" ind1=" " ind2="7">
      <subfield code="a">fl</subfield>
      <subfield code="2">SzZuIDS BS/BE</subfield>
    </datafield>
    <datafield tag="082" ind1="1" ind2="4">
      <subfield code="a">840</subfield>
      <subfield code="2">15</subfield>
    </datafield>
    <datafield tag="084" ind1=" " ind2=" ">
      <subfield code="a">IB 1081</subfield>
      <subfield code="2">rvk</subfield>
    </datafield>
    <datafield tag="100" ind1="1" ind2=" ">
      <subfield code="a">Bernhardt, R&#252;diger</subfield>
      <subfield code="d">1940-</subfield>
      <subfield code="0">(DE-588)123868513</subfield>
    </datafield>
    <datafield tag="245" ind1="1" ind2="0">
      <subfield code="a">Erl&#228;uterungen zu Victor Klemperer: Das Tagebuch 1933-1945</subfield>
      <subfield code="b">eine Auswahl f&#252;r junge Leser</subfield>
      <subfield code="c">von R&#252;diger Bernhardt</subfield>
    </datafield>
    <datafield tag="250" ind1=" " ind2=" ">
      <subfield code="a">1. Aufl.</subfield>
    </datafield>
    <datafield tag="264" ind1=" " ind2="1">
      <subfield code="a">Hollfeld</subfield>
      <subfield code="b">Bange</subfield>
      <subfield code="c">2004</subfield>
    </datafield>
    <datafield tag="300" ind1=" " ind2=" ">
      <subfield code="a">98 S.</subfield>
    </datafield>
    <datafield tag="336" ind1=" " ind2=" ">
      <subfield code="b">txt</subfield>
      <subfield code="2">rdacontent</subfield>
    </datafield>
    <datafield tag="337" ind1=" " ind2=" ">
      <subfield code="b">n</subfield>
      <subfield code="2">rdamedia</subfield>
    </datafield>
    <datafield tag="338" ind1=" " ind2=" ">
      <subfield code="b">nc</subfield>
      <subfield code="2">rdacarrier</subfield>
    </datafield>
    <datafield tag="490" ind1="1" ind2=" ">
      <subfield code="a">K&#246;nigs Erl&#228;uterungen und Materialien</subfield>
      <subfield code="v">Bd. 424</subfield>
    </datafield>
    <datafield tag="600" ind1="1" ind2="7">
      <subfield code="a">Klemperer, Victor</subfield>
      <subfield code="x">Tagebuch</subfield>
      <subfield code="v">Lehrmittel</subfield>
      <subfield code="2">idsbb</subfield>
    </datafield>
    <datafield tag="856" ind1="4" ind2=" ">
      <subfield code="3">Inhaltsverzeichnis</subfield>
      <subfield code="u">http://www.ub.unibas.ch/tox/HBZ/HT014243562/PDF</subfield>
      <subfield code="q">pdf</subfield>
    </datafield>
    <datafield tag="830" ind1=" " ind2="0">
      <subfield code="a">K&#246;nigs Erl&#228;uterungen zu den Klassikern</subfield>
      <subfield code="v">424</subfield>
      <subfield code="w">(IDSBB)001258782DSV01</subfield>
    </datafield>
    <datafield tag="949" ind1=" " ind2=" ">
      <subfield code="a">http://www.ub.unibas.ch/tox/HBZ/HT014243562/PDF</subfield>
    </datafield>
    <datafield tag="957" ind1="1" ind2="7">
      <subfield code="a">Klemperer, Victor</subfield>
      <subfield code="d">1881-1960</subfield>
      <subfield code="t">Ich will Zeugnis ablegen bis zum letzten</subfield>
      <subfield code="0">(DE-588)4459970-5</subfield>
      <subfield code="2">gnd</subfield>
      <subfield code="7">600</subfield>
      <subfield code="9">LOCAL</subfield>
    </datafield>
    <datafield tag="958" ind1="1" ind2=" ">
      <subfield code="a">Bernhardt, R&#252;diger</subfield>
      <subfield code="7">100</subfield>
      <subfield code="9">LOCAL</subfield>
    </datafield>
  </record>