
  <record>
    <leader>01906nam a2200481 c 4500</leader>
    <controlfield tag="001">990001300310108281</controlfield>
    <controlfield tag="005">20230424224516.0</controlfield>
    <controlfield tag="008">201012s2004    gw            00| | ger  </controlfield>
    <datafield tag="020" ind1=" " ind2=" ">
      <subfield code="a">3518188496</subfield>
    </datafield>
    <datafield tag="035" ind1=" " ind2=" ">
      <subfield code="a">(swissbib)23340421X-41slsp_network</subfield>
    </datafield>
    <datafield tag="035" ind1=" " ind2=" ">
      <subfield code="a">23340421X</subfield>
      <subfield code="9">ExL</subfield>
    </datafield>
    <datafield tag="035" ind1=" " ind2=" ">
      <subfield code="a">(IDSBB)003384948DSV01</subfield>
    </datafield>
    <datafield tag="035" ind1=" " ind2=" ">
      <subfield code="a">(RERO)R003719566-41slsp</subfield>
    </datafield>
    <datafield tag="035" ind1=" " ind2=" ">
      <subfield code="a">(CH-ZuSLS)991137701639705501</subfield>
    </datafield>
    <datafield tag="035" ind1=" " ind2=" ">
      <subfield code="a">(EXLNZ-41SLSP_NETWORK)991137701639705501</subfield>
    </datafield>
    <datafield tag="035" ind1=" " ind2=" ">
      <subfield code="a">(41SLSP_ABN)990001300310108281</subfield>
    </datafield>
    <datafield tag="040" ind1=" " ind2=" ">
      <subfield code="a">SzZuIDS BS/BE A100</subfield>
      <subfield code="e">kids</subfield>
      <subfield code="d">CH-ZuSLS</subfield>
    </datafield>
    <datafield tag="072" ind1=" " ind2="7">
      <subfield code="a">nd</subfield>
      <subfield code="2">SzZuIDS BS/BE</subfield>
    </datafield>
    <datafield tag="072" ind1=" " ind2="7">
      <subfield code="a">al</subfield>
      <subfield code="2">rero</subfield>
    </datafield>
    <datafield tag="082" ind1="1" ind2="4">
      <subfield code="a">830</subfield>
      <subfield code="2">15</subfield>
    </datafield>
    <datafield tag="084" ind1=" " ind2=" ">
      <subfield code="a">59</subfield>
      <subfield code="2">sdnb</subfield>
    </datafield>
    <datafield tag="084" ind1=" " ind2=" ">
      <subfield code="a">GN 9669</subfield>
      <subfield code="2">rvk</subfield>
    </datafield>
    <datafield tag="100" ind1="1" ind2=" ">
      <subfield code="6">880-01</subfield>
      <subfield code="a">Weiss, Peter</subfield>
      <subfield code="d">1916-1982</subfield>
      <subfield code="0">(IDREF)028408861</subfield>
      <subfield code="4">cre</subfield>
    </datafield>
    <datafield tag="880" ind1="1" ind2=" ">
      <subfield code="a">Weiss, Peter</subfield>
      <subfield code="d">1916-1982</subfield>
      <subfield code="0">(DE-588)118630539</subfield>
      <subfield code="6">100-01</subfield>
    </datafield>
    <datafield tag="245" ind1="1" ind2="0">
      <subfield code="a">&lt;&lt;Die&gt;&gt; Verfolgung und Ermordung Jean Paul Marats</subfield>
      <subfield code="b">dargestellt durch die Schauspielgruppe des Hospizes zu Charenton unter Anleitung des Herrn de Sade : Drama in zwei Akten</subfield>
      <subfield code="c">Peter Weiss ; mit einem Kommentar von Arnd Beise</subfield>
    </datafield>
    <datafield tag="264" ind1=" " ind2="1">
      <subfield code="a">Frankfurt am Main</subfield>
      <subfield code="b">Suhrkamp</subfield>
      <subfield code="c">2004</subfield>
    </datafield>
    <datafield tag="300" ind1=" " ind2=" ">
      <subfield code="a">179 p.</subfield>
      <subfield code="c">18 cm</subfield>
    </datafield>
    <datafield tag="336" ind1=" " ind2=" ">
      <subfield code="b">txt</subfield>
      <subfield code="2">rdacontent</subfield>
    </datafield>
    <datafield tag="337" ind1=" " ind2=" ">
      <subfield code="b">n</subfield>
      <subfield code="2">rdamedia</subfield>
    </datafield>
    <datafield tag="338" ind1=" " ind2=" ">
      <subfield code="b">nc</subfield>
      <subfield code="2">rdacarrier</subfield>
    </datafield>
    <datafield tag="490" ind1="1" ind2=" ">
      <subfield code="a">Suhrkamp BasisBibliothek</subfield>
      <subfield code="v">49</subfield>
    </datafield>
    <datafield tag="504" ind1=" " ind2=" ">
      <subfield code="a">Bibliogr.: p. 148-154</subfield>
    </datafield>
    <datafield tag="600" ind1="1" ind2="7">
      <subfield code="a">Weiss, Peter.</subfield>
      <subfield code="t">Marat-Sade</subfield>
      <subfield code="0">(RERO)A010037163</subfield>
      <subfield code="2">rero</subfield>
    </datafield>
    <datafield tag="700" ind1="1" ind2=" ">
      <subfield code="a">Beise, Arnd</subfield>
      <subfield code="d">1964-</subfield>
      <subfield code="0">(DE-588)128843284</subfield>
      <subfield code="6">880-02</subfield>
    </datafield>
    <datafield tag="880" ind1="1" ind2=" ">
      <subfield code="6">700-02</subfield>
      <subfield code="a">Beise, Arnd</subfield>
      <subfield code="d">1964-....</subfield>
      <subfield code="0">(IDREF)056977069</subfield>
    </datafield>
    <datafield tag="830" ind1=" " ind2=" ">
      <subfield code="a">Suhrkamp BasisBibliothek</subfield>
      <subfield code="v">49</subfield>
      <subfield code="w">(IDSBB)001543799DSV01</subfield>
    </datafield>
    <datafield tag="900" ind1=" " ind2=" ">
      <subfield code="a">REROnoselfmerge</subfield>
    </datafield>
    <datafield tag="957" ind1="1" ind2="7">
      <subfield code="a">Weiss, Peter</subfield>
      <subfield code="d">1916-1982</subfield>
      <subfield code="t">&lt;&lt;Die&gt;&gt; Verfolgung und Ermordung Jean Paul Marats</subfield>
      <subfield code="0">(DE-588)4196577-2</subfield>
      <subfield code="2">gnd</subfield>
      <subfield code="7">600</subfield>
      <subfield code="9">LOCAL</subfield>
    </datafield>
    <datafield tag="957" ind1=" " ind2="7">
      <subfield code="a">Kommentar</subfield>
      <subfield code="2">gnd-content</subfield>
      <subfield code="7">655</subfield>
      <subfield code="9">LOCAL</subfield>
    </datafield>
    <datafield tag="958" ind1="1" ind2=" ">
      <subfield code="a">Weiss, Peter</subfield>
      <subfield code="7">100</subfield>
      <subfield code="9">LOCAL</subfield>
    </datafield>
    <datafield tag="958" ind1="1" ind2=" ">
      <subfield code="a">Beise, Arnd</subfield>
      <subfield code="7">700</subfield>
      <subfield code="9">LOCAL</subfield>
    </datafield>
    <datafield tag="960" ind1=" " ind2=" ">
      <subfield code="a">Weiss, Peter</subfield>
      <subfield code="2">abn-YS</subfield>
      <subfield code="9">LOCAL</subfield>
    </datafield>
    <datafield tag="960" ind1=" " ind2=" ">
      <subfield code="a">Interpretation</subfield>
      <subfield code="2">abn-YS</subfield>
      <subfield code="9">LOCAL</subfield>
    </datafield>
    <datafield tag="960" ind1=" " ind2=" ">
      <subfield code="a">Literatur</subfield>
      <subfield code="2">abn-YS</subfield>
      <subfield code="9">LOCAL</subfield>
    </datafield>
    <datafield tag="961" ind1=" " ind2=" ">
      <subfield code="8">83</subfield>
      <subfield code="2">abn-YN</subfield>
      <subfield code="9">LOCAL</subfield>
    </datafield>
  </record>