
  <record>
    <leader>03651nam a2200865 c 4500</leader>
    <controlfield tag="001">990001300320108281</controlfield>
    <controlfield tag="005">20230424202831.0</controlfield>
    <controlfield tag="008">201011s2003    sz ||||| |||| 00| ||ger d</controlfield>
    <datafield tag="020" ind1=" " ind2=" ">
      <subfield code="a">3258066655</subfield>
    </datafield>
    <datafield tag="035" ind1=" " ind2=" ">
      <subfield code="a">(swissbib)219365121-41slsp_network</subfield>
    </datafield>
    <datafield tag="035" ind1=" " ind2=" ">
      <subfield code="a">219365121</subfield>
      <subfield code="9">ExL</subfield>
    </datafield>
    <datafield tag="035" ind1=" " ind2=" ">
      <subfield code="a">(RERO)R003555065-41slsp</subfield>
    </datafield>
    <datafield tag="035" ind1=" " ind2=" ">
      <subfield code="a">(NEBIS)004637092EBI01</subfield>
    </datafield>
    <datafield tag="035" ind1=" " ind2=" ">
      <subfield code="a">(IDSBB)003089728DSV01</subfield>
    </datafield>
    <datafield tag="035" ind1=" " ind2=" ">
      <subfield code="a">(IDSLU)000323870ILU01</subfield>
    </datafield>
    <datafield tag="035" ind1=" " ind2=" ">
      <subfield code="a">(CH-ZuSLS)991019100839705501</subfield>
    </datafield>
    <datafield tag="035" ind1=" " ind2=" ">
      <subfield code="a">(EXLNZ-41SLSP_NETWORK)991019100839705501</subfield>
    </datafield>
    <datafield tag="035" ind1=" " ind2=" ">
      <subfield code="a">(41SLSP_ABN)990001300320108281</subfield>
    </datafield>
    <datafield tag="040" ind1=" " ind2=" ">
      <subfield code="a">RERO frbcuc</subfield>
      <subfield code="d">CH-ZuSLS</subfield>
    </datafield>
    <datafield tag="044" ind1=" " ind2=" ">
      <subfield code="a">sz</subfield>
      <subfield code="c">ch-be</subfield>
    </datafield>
    <datafield tag="072" ind1=" " ind2="7">
      <subfield code="a">al</subfield>
      <subfield code="2">rero</subfield>
    </datafield>
    <datafield tag="072" ind1=" " ind2="7">
      <subfield code="a">nd</subfield>
      <subfield code="2">SzZuIDS BS/BE</subfield>
    </datafield>
    <datafield tag="072" ind1=" " ind2="7">
      <subfield code="a">520</subfield>
      <subfield code="2">IDS LU</subfield>
    </datafield>
    <datafield tag="072" ind1=" " ind2="7">
      <subfield code="a">592</subfield>
      <subfield code="2">IDS LU</subfield>
    </datafield>
    <datafield tag="082" ind1="1" ind2="4">
      <subfield code="a">836.912</subfield>
      <subfield code="2">21</subfield>
    </datafield>
    <datafield tag="082" ind1="1" ind2="4">
      <subfield code="a">830</subfield>
      <subfield code="2">15</subfield>
    </datafield>
    <datafield tag="084" ind1=" " ind2=" ">
      <subfield code="a">3,5</subfield>
      <subfield code="2">ssgn</subfield>
    </datafield>
    <datafield tag="084" ind1=" " ind2=" ">
      <subfield code="a">51</subfield>
      <subfield code="2">sdnb</subfield>
    </datafield>
    <datafield tag="084" ind1=" " ind2=" ">
      <subfield code="a">GM 7651</subfield>
      <subfield code="2">rvk</subfield>
    </datafield>
    <datafield tag="245" ind1="0" ind2="0">
      <subfield code="a">&lt;&lt;Der&gt;&gt; Kreis der "Individualit&#228;t"</subfield>
      <subfield code="b">Willy Storrer im Briefwechsel mit Oskar Schlemmer, Hermann Hesse, Robert Walser und anderen</subfield>
      <subfield code="c">hrsg. von Ralf Lienhard</subfield>
    </datafield>
    <datafield tag="264" ind1=" " ind2="1">
      <subfield code="a">Bern [etc.]</subfield>
      <subfield code="b">P. Haupt</subfield>
      <subfield code="c">[2003]</subfield>
    </datafield>
    <datafield tag="264" ind1=" " ind2="4">
      <subfield code="c">&#169; 2003</subfield>
    </datafield>
    <datafield tag="300" ind1=" " ind2=" ">
      <subfield code="a">342 S.</subfield>
      <subfield code="b">Abb.</subfield>
      <subfield code="c">23 cm</subfield>
    </datafield>
    <datafield tag="336" ind1=" " ind2=" ">
      <subfield code="b">txt</subfield>
      <subfield code="2">rdacontent</subfield>
    </datafield>
    <datafield tag="337" ind1=" " ind2=" ">
      <subfield code="b">n</subfield>
      <subfield code="2">rdamedia</subfield>
    </datafield>
    <datafield tag="338" ind1=" " ind2=" ">
      <subfield code="b">nc</subfield>
      <subfield code="2">rdacarrier</subfield>
    </datafield>
    <datafield tag="490" ind1="1" ind2=" ">
      <subfield code="a">Schweizer Texte. Neue Folge</subfield>
      <subfield code="v">Bd. 21</subfield>
    </datafield>
    <datafield tag="500" ind1=" " ind2=" ">
      <subfield code="a">Weitere Korrespondenten: Albert Steffen (1884-1966) und Walter Kern (1898-1966)</subfield>
      <subfield code="5">B412</subfield>
    </datafield>
    <datafield tag="600" ind1="1" ind2="7">
      <subfield code="a">Storrer, Willy</subfield>
      <subfield code="0">(IDREF)059729988</subfield>
      <subfield code="2">idref</subfield>
    </datafield>
    <datafield tag="600" ind1="1" ind2="7">
      <subfield code="a">Storrer, Willy</subfield>
      <subfield code="2">idszbz</subfield>
    </datafield>
    <datafield tag="600" ind1="1" ind2="0">
      <subfield code="a">Hesse, Hermann</subfield>
      <subfield code="d">1877-1962</subfield>
      <subfield code="v">Correspondence</subfield>
    </datafield>
    <datafield tag="600" ind1="1" ind2="0">
      <subfield code="a">Schlemmer, Oskar</subfield>
      <subfield code="d">1888-1943</subfield>
      <subfield code="v">Correspondence</subfield>
    </datafield>
    <datafield tag="600" ind1="1" ind2="0">
      <subfield code="a">Storrer, Willy</subfield>
      <subfield code="d">1895-1930</subfield>
      <subfield code="v">Correspondence</subfield>
    </datafield>
    <datafield tag="600" ind1="1" ind2="0">
      <subfield code="a">Walser, Robert</subfield>
      <subfield code="d">1878-1956</subfield>
      <subfield code="v">Correspondence</subfield>
    </datafield>
    <datafield tag="600" ind1="1" ind2="7">
      <subfield code="a">Storrer, Willy</subfield>
      <subfield code="d">1895-1930</subfield>
      <subfield code="0">(DE-588)117304603</subfield>
      <subfield code="2">gnd</subfield>
    </datafield>
    <datafield tag="650" ind1=" " ind2="7">
      <subfield code="a">BIOGRAPHIEN (LEBEN UND WERK)</subfield>
      <subfield code="9">ger</subfield>
      <subfield code="0">(ETHUDK)000036789</subfield>
      <subfield code="2">ethudk</subfield>
    </datafield>
    <datafield tag="650" ind1=" " ind2="7">
      <subfield code="a">BRIEFE + BRIEFWECHSEL (DOKUMENTENTYP)</subfield>
      <subfield code="9">ger</subfield>
      <subfield code="0">(ETHUDK)000000092</subfield>
      <subfield code="2">ethudk</subfield>
    </datafield>
    <datafield tag="655" ind1=" " ind2="7">
      <subfield code="a">Correspondance</subfield>
      <subfield code="0">(IDREF)027490122</subfield>
      <subfield code="2">idref</subfield>
    </datafield>
    <datafield tag="655" ind1=" " ind2="7">
      <subfield code="a">Biographie</subfield>
      <subfield code="0">(IDREF)027281558</subfield>
      <subfield code="2">idref</subfield>
    </datafield>
    <datafield tag="655" ind1=" " ind2="7">
      <subfield code="a">Briefsammlung</subfield>
      <subfield code="2">idszbz</subfield>
    </datafield>
    <datafield tag="655" ind1=" " ind2="7">
      <subfield code="a">Briefsammlung</subfield>
      <subfield code="2">gnd-content</subfield>
    </datafield>
    <datafield tag="655" ind1=" " ind2="7">
      <subfield code="a">Briefsammlung</subfield>
      <subfield code="y">1919-1930</subfield>
      <subfield code="2">gnd-content</subfield>
    </datafield>
    <datafield tag="655" ind1=" " ind2="7">
      <subfield code="a">Biografie</subfield>
      <subfield code="2">gnd-content</subfield>
    </datafield>
    <datafield tag="690" ind1=" " ind2=" ">
      <subfield code="a">Hesse, Hermann (1877-1962), Korrespondenz Storrer, Willy</subfield>
      <subfield code="2">ube-BD</subfield>
    </datafield>
    <datafield tag="690" ind1=" " ind2=" ">
      <subfield code="a">Literatur, Hesse, Hermann, Korrespondenz Storrer, Willy</subfield>
      <subfield code="2">ube-BE</subfield>
    </datafield>
    <datafield tag="690" ind1=" " ind2=" ">
      <subfield code="a">Walser, Robert (1878-1956), Korrespondenz Storrer, Willy</subfield>
      <subfield code="2">ube-BD</subfield>
    </datafield>
    <datafield tag="690" ind1=" " ind2=" ">
      <subfield code="a">Literatur, Walser, Robert, Korrespondenz Storrer, Willy</subfield>
      <subfield code="2">ube-BE</subfield>
    </datafield>
    <datafield tag="690" ind1=" " ind2=" ">
      <subfield code="a">Steffen, Albert (1884-1963), Korrespondenz Storrer, Willy</subfield>
      <subfield code="2">ube-BD</subfield>
    </datafield>
    <datafield tag="690" ind1=" " ind2=" ">
      <subfield code="a">Theater, Steffen, Albert, Korrespondenz Storrer, Willy</subfield>
      <subfield code="2">ube-BE</subfield>
    </datafield>
    <datafield tag="690" ind1=" " ind2=" ">
      <subfield code="a">Literatur, Steffen, Albert, Korrespondenz Storrer, Willy</subfield>
      <subfield code="2">ube-BE</subfield>
    </datafield>
    <datafield tag="690" ind1=" " ind2=" ">
      <subfield code="a">Kern, Walter (1898-1966)</subfield>
      <subfield code="2">ube-BD</subfield>
    </datafield>
    <datafield tag="691" ind1=" " ind2=" ">
      <subfield code="e">2.13.1.1</subfield>
      <subfield code="2">ube-GA</subfield>
    </datafield>
    <datafield tag="700" ind1="1" ind2=" ">
      <subfield code="a">Storrer, Willy</subfield>
      <subfield code="d">1895-1930</subfield>
      <subfield code="0">(DE-588)117304603</subfield>
      <subfield code="6">880-02</subfield>
    </datafield>
    <datafield tag="880" ind1="1" ind2=" ">
      <subfield code="a">Storrer, Willy</subfield>
      <subfield code="0">(RERO)A009465613</subfield>
      <subfield code="6">700-02</subfield>
    </datafield>
    <datafield tag="700" ind1="1" ind2=" ">
      <subfield code="a">Lienhard, Ralf</subfield>
      <subfield code="0">(IDREF)075871807</subfield>
    </datafield>
    <datafield tag="830" ind1=" " ind2=" ">
      <subfield code="a">Schweizer Texte</subfield>
      <subfield code="p">Neue Folge</subfield>
      <subfield code="v">21</subfield>
      <subfield code="w">(RERO)1808361-41slsp</subfield>
    </datafield>
    <datafield tag="830" ind1=" " ind2=" ">
      <subfield code="a">Schweizer Texte</subfield>
      <subfield code="p">Neue Folge</subfield>
      <subfield code="v">21</subfield>
      <subfield code="w">(IDSLU)000133618ILU01</subfield>
    </datafield>
    <datafield tag="830" ind1=" " ind2=" ">
      <subfield code="a">Schweizer Texte</subfield>
      <subfield code="v">21</subfield>
      <subfield code="w">(NEBIS)001481442EBI01</subfield>
    </datafield>
    <datafield tag="900" ind1=" " ind2=" ">
      <subfield code="a">REROnoselfmerge</subfield>
    </datafield>
    <datafield tag="900" ind1=" " ind2=" ">
      <subfield code="a">IDSZ2zbzmon200401l</subfield>
      <subfield code="c">IDSZ2beer</subfield>
      <subfield code="d">IDSZ2zbzswk200401b</subfield>
      <subfield code="e">IDSZ2boxm</subfield>
    </datafield>
    <datafield tag="957" ind1="1" ind2="7">
      <subfield code="a">Storrer, Willy</subfield>
      <subfield code="d">1895-1930</subfield>
      <subfield code="0">(DE-588)117304603</subfield>
      <subfield code="2">gnd</subfield>
      <subfield code="7">600</subfield>
      <subfield code="9">LOCAL</subfield>
    </datafield>
    <datafield tag="958" ind1="1" ind2=" ">
      <subfield code="a">Storrer, Willy</subfield>
      <subfield code="7">100</subfield>
      <subfield code="9">LOCAL</subfield>
    </datafield>
    <datafield tag="958" ind1="1" ind2=" ">
      <subfield code="a">Walser, Robert</subfield>
      <subfield code="d">1878-1956</subfield>
      <subfield code="0">(DE-588)118628860</subfield>
      <subfield code="7">700</subfield>
      <subfield code="9">LOCAL</subfield>
    </datafield>
    <datafield tag="958" ind1="1" ind2=" ">
      <subfield code="a">Hesse, Hermann</subfield>
      <subfield code="d">1877-1962</subfield>
      <subfield code="0">(DE-588)11855042X</subfield>
      <subfield code="7">700</subfield>
      <subfield code="9">LOCAL</subfield>
    </datafield>
    <datafield tag="958" ind1="1" ind2=" ">
      <subfield code="a">Lienhard, Ralf</subfield>
      <subfield code="7">700</subfield>
      <subfield code="9">LOCAL</subfield>
    </datafield>
    <datafield tag="960" ind1=" " ind2=" ">
      <subfield code="a">Briefsammlung</subfield>
      <subfield code="2">abn-YA</subfield>
      <subfield code="9">LOCAL</subfield>
    </datafield>
    <datafield tag="960" ind1=" " ind2=" ">
      <subfield code="a">Storrer, Willy</subfield>
      <subfield code="2">abn-YA</subfield>
      <subfield code="9">LOCAL</subfield>
    </datafield>
  </record>