
  <record>
    <leader>03258nam a2200757 c 4500</leader>
    <controlfield tag="001">990001300330108281</controlfield>
    <controlfield tag="005">20230424201809.0</controlfield>
    <controlfield tag="008">201012s2004    au a     ||||u000 u ger|d</controlfield>
    <datafield tag="015" ind1=" " ind2=" ">
      <subfield code="a">GFR-CIP-03,N51,1603</subfield>
      <subfield code="a">DNB-04,A12,1257</subfield>
    </datafield>
    <datafield tag="016" ind1="7" ind2=" ">
      <subfield code="a">96939120X</subfield>
      <subfield code="2">GyFmDB</subfield>
    </datafield>
    <datafield tag="020" ind1=" " ind2=" ">
      <subfield code="a">3854983247</subfield>
      <subfield code="q">Pp.</subfield>
      <subfield code="c">EUR 29.90, sfr 52.90</subfield>
    </datafield>
    <datafield tag="020" ind1=" " ind2=" ">
      <subfield code="a">3854983425</subfield>
      <subfield code="q">Katalogausgabe</subfield>
    </datafield>
    <datafield tag="035" ind1=" " ind2=" ">
      <subfield code="a">(swissbib)236425048-41slsp_network</subfield>
    </datafield>
    <datafield tag="035" ind1=" " ind2=" ">
      <subfield code="a">236425048</subfield>
      <subfield code="9">ExL</subfield>
    </datafield>
    <datafield tag="035" ind1=" " ind2=" ">
      <subfield code="a">(NEBIS)004720996EBI01</subfield>
    </datafield>
    <datafield tag="035" ind1=" " ind2=" ">
      <subfield code="a">(IDSBB)003146549DSV01</subfield>
    </datafield>
    <datafield tag="035" ind1=" " ind2=" ">
      <subfield code="a">(IDSLU)000363697ILU01</subfield>
    </datafield>
    <datafield tag="035" ind1=" " ind2=" ">
      <subfield code="a">(DDB)96939120X</subfield>
    </datafield>
    <datafield tag="035" ind1=" " ind2=" ">
      <subfield code="a">(CH-ZuSLS)991125065719705501</subfield>
    </datafield>
    <datafield tag="035" ind1=" " ind2=" ">
      <subfield code="a">(EXLNZ-41SLSP_NETWORK)991125065719705501</subfield>
    </datafield>
    <datafield tag="035" ind1=" " ind2=" ">
      <subfield code="a">(41SLSP_ABN)990001300330108281</subfield>
    </datafield>
    <datafield tag="040" ind1=" " ind2=" ">
      <subfield code="a">DDB</subfield>
      <subfield code="d">CH-ZuSLS</subfield>
    </datafield>
    <datafield tag="041" ind1="0" ind2=" ">
      <subfield code="a">ger</subfield>
    </datafield>
    <datafield tag="044" ind1=" " ind2=" ">
      <subfield code="a">au</subfield>
    </datafield>
    <datafield tag="072" ind1=" " ind2="7">
      <subfield code="a">dk</subfield>
      <subfield code="2">SzZuIDS BS/BE</subfield>
    </datafield>
    <datafield tag="072" ind1=" " ind2="7">
      <subfield code="a">490</subfield>
      <subfield code="2">IDS LU</subfield>
    </datafield>
    <datafield tag="082" ind1="1" ind2="4">
      <subfield code="a">792</subfield>
      <subfield code="2">15</subfield>
    </datafield>
    <datafield tag="084" ind1=" " ind2=" ">
      <subfield code="a">49</subfield>
      <subfield code="2">sdnb</subfield>
    </datafield>
    <datafield tag="245" ind1="0" ind2="0">
      <subfield code="a">Bertolt Brecht und Erwin Piscator</subfield>
      <subfield code="b">experimentelles Theater im Berlin der Zwanzigerjahre</subfield>
      <subfield code="c">Michael Schwaiger (Hg.)</subfield>
    </datafield>
    <datafield tag="264" ind1=" " ind2="1">
      <subfield code="a">Wien</subfield>
      <subfield code="b">Brandst&#228;tter</subfield>
      <subfield code="c">2004</subfield>
    </datafield>
    <datafield tag="300" ind1=" " ind2=" ">
      <subfield code="a">128 S.</subfield>
      <subfield code="b">z.T. farbige Ill.</subfield>
      <subfield code="c">24 cm</subfield>
      <subfield code="e">1 CD-ROM</subfield>
    </datafield>
    <datafield tag="336" ind1=" " ind2=" ">
      <subfield code="b">txt</subfield>
      <subfield code="2">rdacontent</subfield>
    </datafield>
    <datafield tag="337" ind1=" " ind2=" ">
      <subfield code="b">n</subfield>
      <subfield code="2">rdamedia</subfield>
    </datafield>
    <datafield tag="338" ind1=" " ind2=" ">
      <subfield code="b">nc</subfield>
      <subfield code="2">rdacarrier</subfield>
    </datafield>
    <datafield tag="500" ind1=" " ind2=" ">
      <subfield code="a">Ausstellung, &#214;sterreichisches Theatermuseum, Wien, 30.1.-12.4.2004</subfield>
    </datafield>
    <datafield tag="600" ind1="1" ind2="7">
      <subfield code="a">Brecht, Bertolt</subfield>
      <subfield code="x">Episches Theater</subfield>
      <subfield code="2">swd</subfield>
    </datafield>
    <datafield tag="600" ind1="1" ind2="7">
      <subfield code="a">Piscator, Erwin</subfield>
      <subfield code="v">Aufsatzsammlung</subfield>
      <subfield code="2">swd</subfield>
    </datafield>
    <datafield tag="600" ind1="1" ind2="7">
      <subfield code="a">Brecht, Bertolt</subfield>
      <subfield code="2">idszbz</subfield>
    </datafield>
    <datafield tag="600" ind1="1" ind2="7">
      <subfield code="a">Piscator, Erwin</subfield>
      <subfield code="2">idszbz</subfield>
    </datafield>
    <datafield tag="600" ind1="1" ind2="0">
      <subfield code="a">Brecht, Bertolt</subfield>
      <subfield code="d">1898-1956</subfield>
      <subfield code="v">Exhibitions</subfield>
    </datafield>
    <datafield tag="600" ind1="1" ind2="0">
      <subfield code="a">Piscator, Erwin</subfield>
      <subfield code="d">1893-1966</subfield>
      <subfield code="v">Exhibitions</subfield>
    </datafield>
    <datafield tag="600" ind1="1" ind2="4">
      <subfield code="a">Brecht, Bertolt</subfield>
      <subfield code="d">1898-1956</subfield>
      <subfield code="0">(DE-588)118514768</subfield>
    </datafield>
    <datafield tag="600" ind1="1" ind2="4">
      <subfield code="a">Piscator, Erwin</subfield>
      <subfield code="d">1893-1966</subfield>
      <subfield code="0">(DE-588)118594648</subfield>
    </datafield>
    <datafield tag="600" ind1="1" ind2="7">
      <subfield code="a">Brecht, Bertolt</subfield>
      <subfield code="x">Theater</subfield>
      <subfield code="v">Ausstellungskatalog</subfield>
      <subfield code="2">idsbb</subfield>
    </datafield>
    <datafield tag="600" ind1="1" ind2="7">
      <subfield code="a">Piscator, Erwin</subfield>
      <subfield code="x">Theater</subfield>
      <subfield code="v">Ausstellungskatalog</subfield>
      <subfield code="2">idsbb</subfield>
    </datafield>
    <datafield tag="600" ind1="1" ind2="7">
      <subfield code="a">Brecht, Bertolt</subfield>
      <subfield code="d">1898-1956</subfield>
      <subfield code="0">(DE-588)118514768</subfield>
      <subfield code="2">gnd</subfield>
    </datafield>
    <datafield tag="600" ind1="1" ind2="7">
      <subfield code="a">Piscator, Erwin</subfield>
      <subfield code="d">1893-1966</subfield>
      <subfield code="0">(DE-588)118594648</subfield>
      <subfield code="2">gnd</subfield>
    </datafield>
    <datafield tag="650" ind1=" " ind2="7">
      <subfield code="a">Episches Theater</subfield>
      <subfield code="2">idszbz</subfield>
    </datafield>
    <datafield tag="650" ind1=" " ind2="0">
      <subfield code="a">Theater</subfield>
      <subfield code="z">Germany</subfield>
      <subfield code="z">Berlin</subfield>
      <subfield code="x">History</subfield>
      <subfield code="y">20th century</subfield>
      <subfield code="v">Exhibitions</subfield>
    </datafield>
    <datafield tag="650" ind1=" " ind2="7">
      <subfield code="a">Avantgardistisches Theater</subfield>
      <subfield code="z">Deutschland</subfield>
      <subfield code="y">Geschichte 1918-1933</subfield>
      <subfield code="v">Ausstellungskatalog</subfield>
      <subfield code="2">idsbb</subfield>
    </datafield>
    <datafield tag="650" ind1=" " ind2="7">
      <subfield code="a">Proletarisches Theater</subfield>
      <subfield code="z">Deutschland</subfield>
      <subfield code="y">Geschichte 1918-1933</subfield>
      <subfield code="v">Ausstellungskatalog</subfield>
      <subfield code="2">idsbb</subfield>
    </datafield>
    <datafield tag="650" ind1=" " ind2="7">
      <subfield code="a">Episches Theater</subfield>
      <subfield code="0">(DE-588)4015051-3</subfield>
      <subfield code="2">gnd</subfield>
    </datafield>
    <datafield tag="651" ind1=" " ind2="7">
      <subfield code="a">Berlin</subfield>
      <subfield code="x">Theater</subfield>
      <subfield code="y">Geschichte 1901-1933</subfield>
      <subfield code="v">Ausstellungskatalog</subfield>
      <subfield code="2">idsbb</subfield>
    </datafield>
    <datafield tag="655" ind1=" " ind2="7">
      <subfield code="a">Ausstellungskatalog</subfield>
      <subfield code="z">Wien</subfield>
      <subfield code="y">2004</subfield>
      <subfield code="2">gnd-content</subfield>
    </datafield>
    <datafield tag="655" ind1=" " ind2="7">
      <subfield code="v">Aufsatzsammlung</subfield>
      <subfield code="2">idsmusi</subfield>
    </datafield>
    <datafield tag="655" ind1=" " ind2="7">
      <subfield code="a">Aufsatzsammlung</subfield>
      <subfield code="2">gnd-content</subfield>
    </datafield>
    <datafield tag="690" ind1=" " ind2=" ">
      <subfield code="a">Episches Theater</subfield>
      <subfield code="2">nebis-E4</subfield>
    </datafield>
    <datafield tag="690" ind1=" " ind2=" ">
      <subfield code="a">Aufsatzsammlung</subfield>
      <subfield code="2">nebis-E4</subfield>
    </datafield>
    <datafield tag="690" ind1=" " ind2=" ">
      <subfield code="a">Wien</subfield>
      <subfield code="x">Ausstellung</subfield>
      <subfield code="x">&#214;sterreichisches Theatermuseum</subfield>
      <subfield code="2">nebis-E4</subfield>
    </datafield>
    <datafield tag="690" ind1=" " ind2=" ">
      <subfield code="a">Brecht, Bertolt</subfield>
      <subfield code="d">1898-1956</subfield>
      <subfield code="2">nebis-E5</subfield>
    </datafield>
    <datafield tag="690" ind1=" " ind2=" ">
      <subfield code="a">Piscator, Erwin</subfield>
      <subfield code="d">1893-1966</subfield>
      <subfield code="2">nebis-E5</subfield>
    </datafield>
    <datafield tag="700" ind1="1" ind2=" ">
      <subfield code="a">Brecht, Bertolt</subfield>
      <subfield code="d">1898-1956</subfield>
      <subfield code="0">(DE-588)118514768</subfield>
    </datafield>
    <datafield tag="700" ind1="1" ind2=" ">
      <subfield code="a">Piscator, Erwin</subfield>
      <subfield code="d">1893-1966</subfield>
      <subfield code="0">(DE-588)118594648</subfield>
    </datafield>
    <datafield tag="700" ind1="1" ind2=" ">
      <subfield code="a">Schwaiger, Michael</subfield>
      <subfield code="d">1963-</subfield>
      <subfield code="0">(DE-588)1078711828</subfield>
    </datafield>
    <datafield tag="710" ind1="2" ind2=" ">
      <subfield code="a">&#214;sterreichisches Theatermuseum</subfield>
      <subfield code="0">(DE-588)1033329-0</subfield>
    </datafield>
    <datafield tag="856" ind1="4" ind2=" ">
      <subfield code="3">Inhaltsverzeichnis</subfield>
      <subfield code="u">http://www.ub.unibas.ch/tox/HBZ/HT013947641/PDF</subfield>
      <subfield code="q">pdf</subfield>
    </datafield>
    <datafield tag="900" ind1=" " ind2=" ">
      <subfield code="a">IDSZ2zbzmon200408f</subfield>
      <subfield code="c">IDSZ2tres</subfield>
      <subfield code="d">IDSZ2zbzswk200408b</subfield>
      <subfield code="e">IDSZ2genh</subfield>
    </datafield>
    <datafield tag="949" ind1=" " ind2=" ">
      <subfield code="a">http://www.ub.unibas.ch/tox/HBZ/HT013947641/PDF</subfield>
    </datafield>
    <datafield tag="958" ind1="1" ind2=" ">
      <subfield code="a">Schwaiger, Michael</subfield>
      <subfield code="7">700</subfield>
      <subfield code="9">LOCAL</subfield>
    </datafield>
    <datafield tag="960" ind1=" " ind2=" ">
      <subfield code="a">Episches Theater</subfield>
      <subfield code="2">abn-YA</subfield>
      <subfield code="9">LOCAL</subfield>
    </datafield>
    <datafield tag="960" ind1=" " ind2=" ">
      <subfield code="a">Aufsatzsammlung</subfield>
      <subfield code="2">abn-YA</subfield>
      <subfield code="9">LOCAL</subfield>
    </datafield>
    <datafield tag="960" ind1=" " ind2=" ">
      <subfield code="a">Brecht, Bertolt</subfield>
      <subfield code="2">abn-YA</subfield>
      <subfield code="9">LOCAL</subfield>
    </datafield>
    <datafield tag="960" ind1=" " ind2=" ">
      <subfield code="a">Piscator, Erwin</subfield>
      <subfield code="2">abn-YA</subfield>
      <subfield code="9">LOCAL</subfield>
    </datafield>
  </record>