
  <record>
    <leader>01982nam a2200517 c 4500</leader>
    <controlfield tag="001">990001300380108281</controlfield>
    <controlfield tag="005">20230424175121.0</controlfield>
    <controlfield tag="008">201011s2004    gw     |      00| ||ger|d</controlfield>
    <datafield tag="015" ind1=" " ind2=" ">
      <subfield code="a">GFR-CIP-04,N05,0807</subfield>
      <subfield code="a">DNB-05,A22,0726</subfield>
    </datafield>
    <datafield tag="016" ind1="7" ind2=" ">
      <subfield code="a">969748213</subfield>
      <subfield code="2">GyFmDB</subfield>
    </datafield>
    <datafield tag="020" ind1=" " ind2=" ">
      <subfield code="a">3852861209</subfield>
      <subfield code="q">kart.</subfield>
      <subfield code="c">EUR 16.90</subfield>
    </datafield>
    <datafield tag="035" ind1=" " ind2=" ">
      <subfield code="a">(swissbib)214450287-41slsp_network</subfield>
    </datafield>
    <datafield tag="035" ind1=" " ind2=" ">
      <subfield code="a">214450287</subfield>
      <subfield code="9">ExL</subfield>
    </datafield>
    <datafield tag="035" ind1=" " ind2=" ">
      <subfield code="a">(NEBIS)004771077EBI01</subfield>
    </datafield>
    <datafield tag="035" ind1=" " ind2=" ">
      <subfield code="a">(IDSLU)000436637ILU01</subfield>
    </datafield>
    <datafield tag="035" ind1=" " ind2=" ">
      <subfield code="a">(CH-ZuSLS)991126648549705501</subfield>
    </datafield>
    <datafield tag="035" ind1=" " ind2=" ">
      <subfield code="a">(EXLNZ-41SLSP_NETWORK)991126648549705501</subfield>
    </datafield>
    <datafield tag="035" ind1=" " ind2=" ">
      <subfield code="a">(41SLSP_ABN)990001300380108281</subfield>
    </datafield>
    <datafield tag="040" ind1=" " ind2=" ">
      <subfield code="a">SzZuIDS NEBIS FH-FHA-PA</subfield>
      <subfield code="d">CH-ZuSLS</subfield>
    </datafield>
    <datafield tag="072" ind1=" " ind2="7">
      <subfield code="a">140</subfield>
      <subfield code="2">IDS LU</subfield>
    </datafield>
    <datafield tag="084" ind1=" " ind2=" ">
      <subfield code="a">ES 150</subfield>
      <subfield code="2">rvk</subfield>
    </datafield>
    <datafield tag="245" ind1="0" ind2="0">
      <subfield code="a">Gewalt durch Sprache</subfield>
      <subfield code="b">die Vergewaltigung von Frauen in Gespr&#228;chen</subfield>
      <subfield code="c">Senta Tr&#246;mel-Pl&#246;tz (Hg.)</subfield>
    </datafield>
    <datafield tag="264" ind1=" " ind2="1">
      <subfield code="a">Wien</subfield>
      <subfield code="b">Milena Verlag</subfield>
      <subfield code="c">2004</subfield>
    </datafield>
    <datafield tag="300" ind1=" " ind2=" ">
      <subfield code="a">408 S.</subfield>
      <subfield code="c">21 cm</subfield>
    </datafield>
    <datafield tag="336" ind1=" " ind2=" ">
      <subfield code="b">txt</subfield>
      <subfield code="2">rdacontent</subfield>
    </datafield>
    <datafield tag="337" ind1=" " ind2=" ">
      <subfield code="b">n</subfield>
      <subfield code="2">rdamedia</subfield>
    </datafield>
    <datafield tag="338" ind1=" " ind2=" ">
      <subfield code="b">nc</subfield>
      <subfield code="2">rdacarrier</subfield>
    </datafield>
    <datafield tag="490" ind1="1" ind2=" ">
      <subfield code="a">Feministische Theorie</subfield>
      <subfield code="v">Band 46</subfield>
    </datafield>
    <datafield tag="650" ind1=" " ind2="7">
      <subfield code="a">Mann</subfield>
      <subfield code="0">(DE-588)4037363-0</subfield>
      <subfield code="2">gnd</subfield>
    </datafield>
    <datafield tag="650" ind1=" " ind2="7">
      <subfield code="a">Verbalaggression</subfield>
      <subfield code="0">(DE-588)4131361-6</subfield>
      <subfield code="2">gnd</subfield>
    </datafield>
    <datafield tag="650" ind1=" " ind2="7">
      <subfield code="a">Frau</subfield>
      <subfield code="0">(DE-588)4018202-2</subfield>
      <subfield code="2">gnd</subfield>
    </datafield>
    <datafield tag="650" ind1=" " ind2="7">
      <subfield code="a">Geschlechtsunterschied</subfield>
      <subfield code="0">(DE-588)4071781-1</subfield>
      <subfield code="2">gnd</subfield>
    </datafield>
    <datafield tag="650" ind1=" " ind2="7">
      <subfield code="a">Sprache</subfield>
      <subfield code="0">(DE-588)4056449-6</subfield>
      <subfield code="2">gnd</subfield>
    </datafield>
    <datafield tag="655" ind1=" " ind2="7">
      <subfield code="a">Aufsatzsammlung</subfield>
      <subfield code="2">gnd-content</subfield>
    </datafield>
    <datafield tag="690" ind1=" " ind2=" ">
      <subfield code="a">Frau</subfield>
      <subfield code="2">fhnw-E8</subfield>
    </datafield>
    <datafield tag="690" ind1=" " ind2=" ">
      <subfield code="a">Soziologie</subfield>
      <subfield code="2">fhnw-E8</subfield>
    </datafield>
    <datafield tag="690" ind1=" " ind2=" ">
      <subfield code="a">Sprache</subfield>
      <subfield code="2">fhnw-E8</subfield>
    </datafield>
    <datafield tag="690" ind1=" " ind2=" ">
      <subfield code="a">Soziolinguistik</subfield>
      <subfield code="2">fhnw-E8</subfield>
    </datafield>
    <datafield tag="700" ind1="1" ind2=" ">
      <subfield code="a">Tr&#246;mel-Pl&#246;tz, Senta</subfield>
      <subfield code="d">1939-</subfield>
      <subfield code="0">(DE-588)1055761802</subfield>
      <subfield code="e">Herausgeber</subfield>
      <subfield code="4">edt</subfield>
    </datafield>
    <datafield tag="830" ind1=" " ind2=" ">
      <subfield code="a">Feministische Theorie</subfield>
      <subfield code="v">46</subfield>
      <subfield code="w">(IDSLU)000188231ILU01</subfield>
    </datafield>
    <datafield tag="830" ind1=" " ind2=" ">
      <subfield code="a">Feministische Theorie</subfield>
      <subfield code="v">46</subfield>
      <subfield code="w">(NEBIS)004042436EBI01</subfield>
    </datafield>
    <datafield tag="957" ind1=" " ind2="7">
      <subfield code="a">Frau</subfield>
      <subfield code="0">(DE-588)4018202-2</subfield>
      <subfield code="2">gnd</subfield>
      <subfield code="7">650</subfield>
      <subfield code="9">LOCAL</subfield>
    </datafield>
    <datafield tag="957" ind1=" " ind2="7">
      <subfield code="a">Geschlechtsunterschied</subfield>
      <subfield code="0">(DE-588)4071781-1</subfield>
      <subfield code="2">gnd</subfield>
      <subfield code="7">650</subfield>
      <subfield code="9">LOCAL</subfield>
    </datafield>
    <datafield tag="957" ind1=" " ind2="7">
      <subfield code="a">Mann</subfield>
      <subfield code="0">(DE-588)4037363-0</subfield>
      <subfield code="2">gnd</subfield>
      <subfield code="7">650</subfield>
      <subfield code="9">LOCAL</subfield>
    </datafield>
    <datafield tag="957" ind1=" " ind2="7">
      <subfield code="a">Sprache</subfield>
      <subfield code="0">(DE-588)4056449-6</subfield>
      <subfield code="2">gnd</subfield>
      <subfield code="7">650</subfield>
      <subfield code="9">LOCAL</subfield>
    </datafield>
    <datafield tag="957" ind1=" " ind2="7">
      <subfield code="a">Verbalaggression</subfield>
      <subfield code="0">(DE-588)4131361-6</subfield>
      <subfield code="2">gnd</subfield>
      <subfield code="7">650</subfield>
      <subfield code="9">LOCAL</subfield>
    </datafield>
    <datafield tag="957" ind1=" " ind2="7">
      <subfield code="a">Aufsatzsammlung</subfield>
      <subfield code="2">gnd-content</subfield>
      <subfield code="7">655</subfield>
      <subfield code="9">LOCAL</subfield>
    </datafield>
    <datafield tag="958" ind1="1" ind2=" ">
      <subfield code="a">Tr&#246;mel-Pl&#246;tz, Senta</subfield>
      <subfield code="7">700</subfield>
      <subfield code="9">LOCAL</subfield>
    </datafield>
  </record>