
  <record>
    <leader>02736nam a2200781 c 4500</leader>
    <controlfield tag="001">990001300410108281</controlfield>
    <controlfield tag="005">20230424181806.0</controlfield>
    <controlfield tag="008">201011s2004    au            00| | ger|d</controlfield>
    <datafield tag="015" ind1=" " ind2=" ">
      <subfield code="a">GFR-DNB-04,N10,1408</subfield>
    </datafield>
    <datafield tag="016" ind1="7" ind2=" ">
      <subfield code="a">970148895</subfield>
      <subfield code="2">GyFmDB</subfield>
    </datafield>
    <datafield tag="020" ind1=" " ind2=" ">
      <subfield code="a">3852662397</subfield>
      <subfield code="q">Pb.</subfield>
      <subfield code="c">EUR 14.90</subfield>
    </datafield>
    <datafield tag="035" ind1=" " ind2=" ">
      <subfield code="a">(swissbib)211200557-41slsp_network</subfield>
    </datafield>
    <datafield tag="035" ind1=" " ind2=" ">
      <subfield code="a">211200557</subfield>
      <subfield code="9">ExL</subfield>
    </datafield>
    <datafield tag="035" ind1=" " ind2=" ">
      <subfield code="a">(IDSBB)003613069DSV01</subfield>
    </datafield>
    <datafield tag="035" ind1=" " ind2=" ">
      <subfield code="a">(IDSLU)000441269ILU01</subfield>
    </datafield>
    <datafield tag="035" ind1=" " ind2=" ">
      <subfield code="a">(NEBIS)004913368EBI01</subfield>
    </datafield>
    <datafield tag="035" ind1=" " ind2=" ">
      <subfield code="a">(DDB)970148895</subfield>
    </datafield>
    <datafield tag="035" ind1=" " ind2=" ">
      <subfield code="a">(CH-ZuSLS)991036354839705501</subfield>
    </datafield>
    <datafield tag="035" ind1=" " ind2=" ">
      <subfield code="a">(EXLNZ-41SLSP_NETWORK)991036354839705501</subfield>
    </datafield>
    <datafield tag="035" ind1=" " ind2=" ">
      <subfield code="a">(41SLSP_ABN)990001300410108281</subfield>
    </datafield>
    <datafield tag="040" ind1=" " ind2=" ">
      <subfield code="a">DDB</subfield>
      <subfield code="e">kids</subfield>
      <subfield code="d">CH-ZuSLS</subfield>
    </datafield>
    <datafield tag="041" ind1="0" ind2=" ">
      <subfield code="a">ger</subfield>
    </datafield>
    <datafield tag="072" ind1=" " ind2="7">
      <subfield code="a">is</subfield>
      <subfield code="2">SzZuIDS BS/BE</subfield>
    </datafield>
    <datafield tag="072" ind1=" " ind2="7">
      <subfield code="a">ap</subfield>
      <subfield code="2">SzZuIDS BS/BE</subfield>
    </datafield>
    <datafield tag="072" ind1=" " ind2="7">
      <subfield code="a">tu</subfield>
      <subfield code="2">SzZuIDS BS/BE</subfield>
    </datafield>
    <datafield tag="072" ind1=" " ind2="7">
      <subfield code="a">np</subfield>
      <subfield code="2">SzZuIDS BS/BE</subfield>
    </datafield>
    <datafield tag="072" ind1=" " ind2="7">
      <subfield code="a">710</subfield>
      <subfield code="2">IDS LU</subfield>
    </datafield>
    <datafield tag="072" ind1=" " ind2="7">
      <subfield code="a">580</subfield>
      <subfield code="2">IDS LU</subfield>
    </datafield>
    <datafield tag="082" ind1="0" ind2="4">
      <subfield code="a">890</subfield>
    </datafield>
    <datafield tag="082" ind1="1" ind2="4">
      <subfield code="a">892.709</subfield>
      <subfield code="2">22</subfield>
    </datafield>
    <datafield tag="082" ind1="1" ind2="4">
      <subfield code="a">297</subfield>
      <subfield code="2">15</subfield>
    </datafield>
    <datafield tag="084" ind1=" " ind2=" ">
      <subfield code="a">EH 2610</subfield>
      <subfield code="2">rvk</subfield>
    </datafield>
    <datafield tag="084" ind1=" " ind2=" ">
      <subfield code="a">EN 2630</subfield>
      <subfield code="2">rvk</subfield>
    </datafield>
    <datafield tag="084" ind1=" " ind2=" ">
      <subfield code="a">EV 910</subfield>
      <subfield code="2">rvk</subfield>
    </datafield>
    <datafield tag="084" ind1=" " ind2=" ">
      <subfield code="a">EL 7980</subfield>
      <subfield code="2">rvk</subfield>
    </datafield>
    <datafield tag="100" ind1="1" ind2=" ">
      <subfield code="a">Weidner, Stefan</subfield>
      <subfield code="d">1967-</subfield>
      <subfield code="0">(DE-588)122334574</subfield>
    </datafield>
    <datafield tag="245" ind1="1" ind2="0">
      <subfield code="a">Erlesener Orient</subfield>
      <subfield code="b">ein F&#252;hrer durch die Literaturen der islamischen Welt</subfield>
      <subfield code="c">Stefan Weidner</subfield>
    </datafield>
    <datafield tag="264" ind1=" " ind2="1">
      <subfield code="a">Wien</subfield>
      <subfield code="b">edition selene</subfield>
      <subfield code="c">2004</subfield>
    </datafield>
    <datafield tag="300" ind1=" " ind2=" ">
      <subfield code="a">373 S.</subfield>
      <subfield code="c">21 cm</subfield>
    </datafield>
    <datafield tag="336" ind1=" " ind2=" ">
      <subfield code="b">txt</subfield>
      <subfield code="2">rdacontent</subfield>
    </datafield>
    <datafield tag="337" ind1=" " ind2=" ">
      <subfield code="b">n</subfield>
      <subfield code="2">rdamedia</subfield>
    </datafield>
    <datafield tag="338" ind1=" " ind2=" ">
      <subfield code="b">nc</subfield>
      <subfield code="2">rdacarrier</subfield>
    </datafield>
    <datafield tag="648" ind1=" " ind2="7">
      <subfield code="a">Geschichte</subfield>
      <subfield code="2">gnd</subfield>
    </datafield>
    <datafield tag="648" ind1=" " ind2="7">
      <subfield code="a">Geschichte</subfield>
      <subfield code="2">idszbz</subfield>
    </datafield>
    <datafield tag="650" ind1=" " ind2="7">
      <subfield code="a">Arabische Literatur</subfield>
      <subfield code="v">F&#252;hrer</subfield>
      <subfield code="2">idsbb</subfield>
    </datafield>
    <datafield tag="650" ind1=" " ind2="7">
      <subfield code="a">Neupersische Literatur</subfield>
      <subfield code="v">F&#252;hrer</subfield>
      <subfield code="2">idsbb</subfield>
    </datafield>
    <datafield tag="650" ind1=" " ind2="7">
      <subfield code="a">T&#252;rkische Literatur</subfield>
      <subfield code="v">F&#252;hrer</subfield>
      <subfield code="2">idsbb</subfield>
    </datafield>
    <datafield tag="650" ind1=" " ind2="7">
      <subfield code="a">Literatur</subfield>
      <subfield code="0">(DE-588)4035964-5</subfield>
      <subfield code="2">gnd</subfield>
    </datafield>
    <datafield tag="650" ind1=" " ind2="7">
      <subfield code="a">Islam</subfield>
      <subfield code="0">(DE-588)4027743-4</subfield>
      <subfield code="2">gnd</subfield>
    </datafield>
    <datafield tag="650" ind1=" " ind2="7">
      <subfield code="a">Orientalische Sprachen</subfield>
      <subfield code="2">idszbz</subfield>
    </datafield>
    <datafield tag="650" ind1=" " ind2="7">
      <subfield code="a">Literatur</subfield>
      <subfield code="2">idszbz</subfield>
    </datafield>
    <datafield tag="650" ind1=" " ind2="7">
      <subfield code="a">Arabisch</subfield>
      <subfield code="0">(DE-588)4241223-7</subfield>
      <subfield code="2">gnd</subfield>
    </datafield>
    <datafield tag="650" ind1=" " ind2="7">
      <subfield code="a">Persisch</subfield>
      <subfield code="0">(DE-588)4065403-5</subfield>
      <subfield code="2">gnd</subfield>
    </datafield>
    <datafield tag="650" ind1=" " ind2="7">
      <subfield code="a">T&#252;rkisch</subfield>
      <subfield code="0">(DE-588)4120079-2</subfield>
      <subfield code="2">gnd</subfield>
    </datafield>
    <datafield tag="650" ind1=" " ind2="7">
      <subfield code="a">Orientalische Sprachen</subfield>
      <subfield code="0">(DE-588)4206288-3</subfield>
      <subfield code="2">gnd</subfield>
    </datafield>
    <datafield tag="650" ind1=" " ind2="0">
      <subfield code="a">Arabic literature</subfield>
      <subfield code="x">History and criticism</subfield>
    </datafield>
    <datafield tag="650" ind1=" " ind2="0">
      <subfield code="a">Islamic civilization</subfield>
    </datafield>
    <datafield tag="650" ind1=" " ind2="0">
      <subfield code="a">Islamic literature</subfield>
      <subfield code="x">History and criticism</subfield>
    </datafield>
    <datafield tag="650" ind1=" " ind2="0">
      <subfield code="a">Middle Eastern literature</subfield>
      <subfield code="x">History and criticism</subfield>
    </datafield>
    <datafield tag="856" ind1="4" ind2=" ">
      <subfield code="3">Inhaltsverzeichnis</subfield>
      <subfield code="u">http://www.ub.unibas.ch/tox/HBZ/HT014151810/PDF</subfield>
      <subfield code="q">pdf</subfield>
    </datafield>
    <datafield tag="900" ind1=" " ind2=" ">
      <subfield code="a">IDSZ2zbzmon200504e</subfield>
      <subfield code="c">IDSZ2lire</subfield>
      <subfield code="d">IDSZ2zbzswk200504b</subfield>
      <subfield code="e">IDSZ2brua</subfield>
    </datafield>
    <datafield tag="900" ind1=" " ind2=" ">
      <subfield code="a">IDSZ2mugmon200509l</subfield>
      <subfield code="c">IDSZ2morg</subfield>
    </datafield>
    <datafield tag="949" ind1=" " ind2=" ">
      <subfield code="a">http://www.ub.unibas.ch/tox/HBZ/HT014151810/PDF</subfield>
    </datafield>
    <datafield tag="958" ind1="1" ind2=" ">
      <subfield code="a">Weidner, Stefan</subfield>
      <subfield code="7">100</subfield>
      <subfield code="9">LOCAL</subfield>
    </datafield>
    <datafield tag="960" ind1=" " ind2=" ">
      <subfield code="a">T&#252;rkisch</subfield>
      <subfield code="2">abn-YA</subfield>
      <subfield code="9">LOCAL</subfield>
    </datafield>
    <datafield tag="960" ind1=" " ind2=" ">
      <subfield code="a">Rezension</subfield>
      <subfield code="2">abn-YA</subfield>
      <subfield code="9">LOCAL</subfield>
    </datafield>
    <datafield tag="960" ind1=" " ind2=" ">
      <subfield code="a">Aufsatzsammlung</subfield>
      <subfield code="2">abn-YA</subfield>
      <subfield code="9">LOCAL</subfield>
    </datafield>
    <datafield tag="960" ind1=" " ind2=" ">
      <subfield code="a">Literaturkritik</subfield>
      <subfield code="2">abn-YA</subfield>
      <subfield code="9">LOCAL</subfield>
    </datafield>
    <datafield tag="960" ind1=" " ind2=" ">
      <subfield code="a">Arabisch</subfield>
      <subfield code="2">abn-YA</subfield>
      <subfield code="9">LOCAL</subfield>
    </datafield>
    <datafield tag="960" ind1=" " ind2=" ">
      <subfield code="a">Persisch</subfield>
      <subfield code="2">abn-YA</subfield>
      <subfield code="9">LOCAL</subfield>
    </datafield>
  </record>