
  <record>
    <leader>12647nam a2201525 c 4500</leader>
    <controlfield tag="001">990001300460108281</controlfield>
    <controlfield tag="005">20230424203256.0</controlfield>
    <controlfield tag="008">201011s2004    gw            00| | ger|d</controlfield>
    <datafield tag="015" ind1=" " ind2=" ">
      <subfield code="a">GFR-DNB-04,N32,0104</subfield>
    </datafield>
    <datafield tag="016" ind1="7" ind2=" ">
      <subfield code="a">971742006</subfield>
      <subfield code="2">GyFmDB</subfield>
    </datafield>
    <datafield tag="020" ind1=" " ind2=" ">
      <subfield code="a">9783827370877</subfield>
      <subfield code="c">sfr 99.50</subfield>
    </datafield>
    <datafield tag="020" ind1=" " ind2=" ">
      <subfield code="a">3827370876</subfield>
      <subfield code="q">Gb.</subfield>
      <subfield code="c">EUR 59.95, EUR 61.70 (AT)</subfield>
    </datafield>
    <datafield tag="035" ind1=" " ind2=" ">
      <subfield code="a">(swissbib)215260945-41slsp_network</subfield>
    </datafield>
    <datafield tag="035" ind1=" " ind2=" ">
      <subfield code="a">215260945</subfield>
      <subfield code="9">ExL</subfield>
    </datafield>
    <datafield tag="035" ind1=" " ind2=" ">
      <subfield code="a">(IDSBB)003380459DSV01</subfield>
    </datafield>
    <datafield tag="035" ind1=" " ind2=" ">
      <subfield code="a">(IDSLU)000403927ILU01</subfield>
    </datafield>
    <datafield tag="035" ind1=" " ind2=" ">
      <subfield code="a">(IDSSG)000798495HSB01</subfield>
    </datafield>
    <datafield tag="035" ind1=" " ind2=" ">
      <subfield code="a">(NEBIS)004918730EBI01</subfield>
    </datafield>
    <datafield tag="035" ind1=" " ind2=" ">
      <subfield code="a">(DDB)971742006</subfield>
    </datafield>
    <datafield tag="035" ind1=" " ind2=" ">
      <subfield code="a">(CH-ZuSLS)991142236899705501</subfield>
    </datafield>
    <datafield tag="035" ind1=" " ind2=" ">
      <subfield code="a">(EXLNZ-41SLSP_NETWORK)991142236899705501</subfield>
    </datafield>
    <datafield tag="035" ind1=" " ind2=" ">
      <subfield code="a">(41SLSP_ABN)990001300460108281</subfield>
    </datafield>
    <datafield tag="040" ind1=" " ind2=" ">
      <subfield code="a">SzZuIDS BS/BE B410</subfield>
      <subfield code="e">kids</subfield>
      <subfield code="d">CH-ZuSLS</subfield>
    </datafield>
    <datafield tag="041" ind1="1" ind2=" ">
      <subfield code="a">ger</subfield>
      <subfield code="h">eng</subfield>
    </datafield>
    <datafield tag="072" ind1=" " ind2="7">
      <subfield code="a">ps</subfield>
      <subfield code="2">SzZuIDS BS/BE</subfield>
    </datafield>
    <datafield tag="072" ind1=" " ind2="7">
      <subfield code="a">110</subfield>
      <subfield code="2">IDS LU</subfield>
    </datafield>
    <datafield tag="082" ind1="0" ind2="4">
      <subfield code="a">150</subfield>
    </datafield>
    <datafield tag="082" ind1="0" ind2="4">
      <subfield code="a">610</subfield>
    </datafield>
    <datafield tag="082" ind1="1" ind2="4">
      <subfield code="a">150</subfield>
      <subfield code="2">15</subfield>
    </datafield>
    <datafield tag="084" ind1=" " ind2=" ">
      <subfield code="a">5,2</subfield>
      <subfield code="2">ssgn</subfield>
    </datafield>
    <datafield tag="084" ind1=" " ind2=" ">
      <subfield code="a">CZ 1100</subfield>
      <subfield code="2">rvk</subfield>
    </datafield>
    <datafield tag="084" ind1=" " ind2=" ">
      <subfield code="a">CZ 1000</subfield>
      <subfield code="2">rvk</subfield>
    </datafield>
    <datafield tag="100" ind1="1" ind2=" ">
      <subfield code="a">Carlson, Neil R.</subfield>
    </datafield>
    <datafield tag="240" ind1="1" ind2="0">
      <subfield code="a">Physiology of behavior</subfield>
    </datafield>
    <datafield tag="245" ind1="1" ind2="0">
      <subfield code="a">Physiologische Psychologie</subfield>
      <subfield code="c">Neil R. Carlson</subfield>
    </datafield>
    <datafield tag="250" ind1=" " ind2=" ">
      <subfield code="a">8., aktualisierte Auflage</subfield>
    </datafield>
    <datafield tag="264" ind1=" " ind2="1">
      <subfield code="a">M&#252;nchen</subfield>
      <subfield code="b">Pearson Studium</subfield>
      <subfield code="c">2004</subfield>
    </datafield>
    <datafield tag="300" ind1=" " ind2=" ">
      <subfield code="a">XXI, 848 S.</subfield>
      <subfield code="b">Ill.</subfield>
      <subfield code="c">29 cm</subfield>
    </datafield>
    <datafield tag="336" ind1=" " ind2=" ">
      <subfield code="b">txt</subfield>
      <subfield code="2">rdacontent</subfield>
    </datafield>
    <datafield tag="337" ind1=" " ind2=" ">
      <subfield code="b">n</subfield>
      <subfield code="2">rdamedia</subfield>
    </datafield>
    <datafield tag="338" ind1=" " ind2=" ">
      <subfield code="b">nc</subfield>
      <subfield code="2">rdacarrier</subfield>
    </datafield>
    <datafield tag="490" ind1="0" ind2=" ">
      <subfield code="a">Ps psychologie</subfield>
    </datafield>
    <datafield tag="500" ind1=" " ind2=" ">
      <subfield code="a">Originaltitel: Physiology of behavior</subfield>
    </datafield>
    <datafield tag="650" ind1=" " ind2="7">
      <subfield code="a">Psychophysiologie</subfield>
      <subfield code="v">0 Gesamtdarstellung</subfield>
      <subfield code="2">idsbb</subfield>
    </datafield>
    <datafield tag="650" ind1=" " ind2="7">
      <subfield code="a">Physiologie</subfield>
      <subfield code="x">Mensch</subfield>
      <subfield code="0">(HPHSG)000002133</subfield>
      <subfield code="2">hph-phsg</subfield>
    </datafield>
    <datafield tag="650" ind1=" " ind2="7">
      <subfield code="a">Psychologie</subfield>
      <subfield code="x">Allgemeines</subfield>
      <subfield code="0">(HPHSG)000001392</subfield>
      <subfield code="2">hph-phsg</subfield>
    </datafield>
    <datafield tag="650" ind1=" " ind2="7">
      <subfield code="a">Neurobiologie</subfield>
      <subfield code="0">(HPHSG)000002142</subfield>
      <subfield code="2">hph-phsg</subfield>
    </datafield>
    <datafield tag="650" ind1=" " ind2="7">
      <subfield code="a">Nerven</subfield>
      <subfield code="0">(HPHSG)000002127</subfield>
      <subfield code="2">hph-phsg</subfield>
    </datafield>
    <datafield tag="650" ind1=" " ind2="7">
      <subfield code="a">Pharmakologie</subfield>
      <subfield code="0">(HPHSG)000002223</subfield>
      <subfield code="2">hph-phsg</subfield>
    </datafield>
    <datafield tag="650" ind1=" " ind2="7">
      <subfield code="a">Sehorgane</subfield>
      <subfield code="0">(HPHSG)000002128</subfield>
      <subfield code="2">hph-phsg</subfield>
    </datafield>
    <datafield tag="650" ind1=" " ind2="7">
      <subfield code="a">H&#246;rorgane</subfield>
      <subfield code="0">(HPHSG)000024973</subfield>
      <subfield code="2">hph-phsg</subfield>
    </datafield>
    <datafield tag="650" ind1=" " ind2="7">
      <subfield code="a">Sinnesorgane</subfield>
      <subfield code="0">(HPHSG)000002130</subfield>
      <subfield code="2">hph-phsg</subfield>
    </datafield>
    <datafield tag="650" ind1=" " ind2="7">
      <subfield code="a">Bewegungsapparat</subfield>
      <subfield code="x">Pathologie</subfield>
      <subfield code="0">(HPHSG)000028416</subfield>
      <subfield code="2">hph-phsg</subfield>
    </datafield>
    <datafield tag="650" ind1=" " ind2="7">
      <subfield code="a">Schlaf</subfield>
      <subfield code="x">Gesundheit</subfield>
      <subfield code="0">(HPHSG)000002170</subfield>
      <subfield code="2">hph-phsg</subfield>
    </datafield>
    <datafield tag="650" ind1=" " ind2="7">
      <subfield code="a">Sexualit&#228;t</subfield>
      <subfield code="0">(HPHSG)000002186</subfield>
      <subfield code="2">hph-phsg</subfield>
    </datafield>
    <datafield tag="650" ind1=" " ind2="7">
      <subfield code="a">Emotionales Lernen</subfield>
      <subfield code="x">Erziehungsziel Schule</subfield>
      <subfield code="0">(HPHSG)000029524</subfield>
      <subfield code="2">hph-phsg</subfield>
    </datafield>
    <datafield tag="650" ind1=" " ind2="7">
      <subfield code="a">Stress</subfield>
      <subfield code="x">Gesundheit</subfield>
      <subfield code="0">(HPHSG)000002166</subfield>
      <subfield code="2">hph-phsg</subfield>
    </datafield>
    <datafield tag="650" ind1=" " ind2="7">
      <subfield code="a">Schizophrenie</subfield>
      <subfield code="0">(HPHSG)000001550</subfield>
      <subfield code="2">hph-phsg</subfield>
    </datafield>
    <datafield tag="650" ind1=" " ind2="7">
      <subfield code="a">Droese, Felix</subfield>
      <subfield code="0">(HPHSG)000002620</subfield>
      <subfield code="2">hph-phsg</subfield>
    </datafield>
    <datafield tag="650" ind1=" " ind2="7">
      <subfield code="a">Autismus</subfield>
      <subfield code="0">(HPHSG)000002270</subfield>
      <subfield code="2">hph-phsg</subfield>
    </datafield>
    <datafield tag="650" ind1=" " ind2="7">
      <subfield code="a">Angst</subfield>
      <subfield code="x">Psychologie</subfield>
      <subfield code="0">(HPHSG)000001518</subfield>
      <subfield code="2">hph-phsg</subfield>
    </datafield>
    <datafield tag="650" ind1=" " ind2="7">
      <subfield code="a">Physiologische Psychologie</subfield>
      <subfield code="0">(DE-588)4076126-5</subfield>
      <subfield code="2">gnd</subfield>
    </datafield>
    <datafield tag="650" ind1=" " ind2="7">
      <subfield code="a">Physiologische Psychologie</subfield>
      <subfield code="2">idszbz</subfield>
    </datafield>
    <datafield tag="650" ind1=" " ind2="7">
      <subfield code="a">Neuroanatomie</subfield>
      <subfield code="0">(DE-588)4171577-9</subfield>
      <subfield code="2">gnd</subfield>
    </datafield>
    <datafield tag="650" ind1=" " ind2="7">
      <subfield code="a">Nervensystem</subfield>
      <subfield code="0">(DE-588)4041643-4</subfield>
      <subfield code="2">gnd</subfield>
    </datafield>
    <datafield tag="650" ind1=" " ind2="7">
      <subfield code="a">Psychopharmakologie</subfield>
      <subfield code="0">(DE-588)4176249-6</subfield>
      <subfield code="2">gnd</subfield>
    </datafield>
    <datafield tag="650" ind1=" " ind2="7">
      <subfield code="a">Sehen</subfield>
      <subfield code="0">(DE-588)4054260-9</subfield>
      <subfield code="2">gnd</subfield>
    </datafield>
    <datafield tag="650" ind1=" " ind2="7">
      <subfield code="a">H&#246;ren</subfield>
      <subfield code="0">(DE-588)4025405-7</subfield>
      <subfield code="2">gnd</subfield>
    </datafield>
    <datafield tag="650" ind1=" " ind2="7">
      <subfield code="a">Sinne</subfield>
      <subfield code="0">(DE-588)4055113-1</subfield>
      <subfield code="2">gnd</subfield>
    </datafield>
    <datafield tag="650" ind1=" " ind2="7">
      <subfield code="a">Bewegungssteuerung</subfield>
      <subfield code="0">(DE-588)4145160-0</subfield>
      <subfield code="2">gnd</subfield>
    </datafield>
    <datafield tag="650" ind1=" " ind2="7">
      <subfield code="a">Schlaf</subfield>
      <subfield code="0">(DE-588)4052580-6</subfield>
      <subfield code="2">gnd</subfield>
    </datafield>
    <datafield tag="650" ind1=" " ind2="7">
      <subfield code="a">Biorhythmus</subfield>
      <subfield code="0">(DE-588)4006896-1</subfield>
      <subfield code="2">gnd</subfield>
    </datafield>
    <datafield tag="650" ind1=" " ind2="7">
      <subfield code="a">Sexualverhalten</subfield>
      <subfield code="0">(DE-588)4116485-4</subfield>
      <subfield code="2">gnd</subfield>
    </datafield>
    <datafield tag="650" ind1=" " ind2="7">
      <subfield code="a">Emotionales Verhalten</subfield>
      <subfield code="0">(DE-588)4152089-0</subfield>
      <subfield code="2">gnd</subfield>
    </datafield>
    <datafield tag="650" ind1=" " ind2="7">
      <subfield code="a">Nahrungsaufnahme</subfield>
      <subfield code="0">(DE-588)4126368-6</subfield>
      <subfield code="2">gnd</subfield>
    </datafield>
    <datafield tag="650" ind1=" " ind2="7">
      <subfield code="a">Lernen</subfield>
      <subfield code="0">(DE-588)4035408-8</subfield>
      <subfield code="2">gnd</subfield>
    </datafield>
    <datafield tag="650" ind1=" " ind2="7">
      <subfield code="a">Ged&#228;chtnis</subfield>
      <subfield code="0">(DE-588)4019614-8</subfield>
      <subfield code="2">gnd</subfield>
    </datafield>
    <datafield tag="650" ind1=" " ind2="7">
      <subfield code="a">Amnesie</subfield>
      <subfield code="0">(DE-588)4142230-2</subfield>
      <subfield code="2">gnd</subfield>
    </datafield>
    <datafield tag="650" ind1=" " ind2="7">
      <subfield code="a">Sprache</subfield>
      <subfield code="0">(DE-588)4056449-6</subfield>
      <subfield code="2">gnd</subfield>
    </datafield>
    <datafield tag="650" ind1=" " ind2="7">
      <subfield code="a">Stress</subfield>
      <subfield code="0">(DE-588)4058047-7</subfield>
      <subfield code="2">gnd</subfield>
    </datafield>
    <datafield tag="650" ind1=" " ind2="7">
      <subfield code="a">Affektst&#246;rung</subfield>
      <subfield code="0">(DE-588)4205031-5</subfield>
      <subfield code="2">gnd</subfield>
    </datafield>
    <datafield tag="650" ind1=" " ind2="7">
      <subfield code="a">Schizophrenie</subfield>
      <subfield code="0">(DE-588)4052527-2</subfield>
      <subfield code="2">gnd</subfield>
    </datafield>
    <datafield tag="650" ind1=" " ind2="7">
      <subfield code="a">Drogenmissbrauch</subfield>
      <subfield code="0">(DE-588)4070587-0</subfield>
      <subfield code="2">gnd</subfield>
    </datafield>
    <datafield tag="650" ind1=" " ind2="7">
      <subfield code="a">Autismus</subfield>
      <subfield code="0">(DE-588)4003932-8</subfield>
      <subfield code="2">gnd</subfield>
    </datafield>
    <datafield tag="650" ind1=" " ind2="7">
      <subfield code="a">Aufmerksamkeitsdefizit-Syndrom</subfield>
      <subfield code="0">(DE-588)4525885-5</subfield>
      <subfield code="2">gnd</subfield>
    </datafield>
    <datafield tag="650" ind1=" " ind2="7">
      <subfield code="a">Angstst&#246;rung</subfield>
      <subfield code="0">(DE-588)4295459-9</subfield>
      <subfield code="2">gnd</subfield>
    </datafield>
    <datafield tag="650" ind1=" " ind2="0">
      <subfield code="a">Neurobiology</subfield>
    </datafield>
    <datafield tag="650" ind1=" " ind2="0">
      <subfield code="a">Psychophysiology</subfield>
    </datafield>
    <datafield tag="650" ind1=" " ind2="7">
      <subfield code="a">PSYCHOPHYSIOLOGIE</subfield>
      <subfield code="9">ger</subfield>
      <subfield code="0">(ETHUDK)000009494</subfield>
      <subfield code="2">ethudk</subfield>
    </datafield>
    <datafield tag="655" ind1=" " ind2="7">
      <subfield code="a">Lehrbuch</subfield>
      <subfield code="2">gnd-content</subfield>
    </datafield>
    <datafield tag="655" ind1=" " ind2="7">
      <subfield code="a">Einf&#252;hrung</subfield>
      <subfield code="2">gnd-content</subfield>
    </datafield>
    <datafield tag="655" ind1=" " ind2="7">
      <subfield code="a">Lehrbuch</subfield>
      <subfield code="2">idszbz</subfield>
    </datafield>
    <datafield tag="690" ind1=" " ind2=" ">
      <subfield code="a">Bewegungssteuerung; L&#228;sion; Beobachtung; Gehirn; Kommunikation; Lernen; Evolution; Ern&#228;hrungsgewohnheit; Aggression; Aktivit&#228;t; Nervenzelle; Hypothalamus; Farbcodierung; Schlaf; Angst; Amnesie; Gef&#252;hl; Hirnnerven; Produktion; Analyse; Aphasie; Hautreizung; Registrierung; Untersuchung; Autismus; Gleichgewichtsorgan; Sucht; Alexie; Apraxie; Bulimie; Membranpotential; Reaktion; Rhythmus; Syndrom; Erblichkeit; pharmazeutische Forschung; Mechanismus; Neurotransmitter; Aktionspotenzial; Formation; Freisetzung; Verst&#228;rkung; Psychologie; Aktivierung; Messung; Wirkung; Lesen; Plastizit&#228;t; Reiz; Verstehen; magnetische Induktion; Therapie; Basalganglion; Geruchsorgan; Bahn; Geschlecht; Netzhaut; Zentralnervensystem; Aminos&#228;ure; Befruchtung; Betonung; Charakteristik; Depression; Entdeckung; Erinnerung; Erregung; Essst&#246;rung; Integration; Konfabulation; Liquor cerebrospinalis; Modulation; Reserve; Sch&#228;digung; Studium; geistige Belastung; Abbau; Bewertung; Beziehung; Duft; Farbwahrnehmung; Informations&#252;bertragung; Konsolidierung; Markierung; Rezeptor; Selektion; Ver&#228;nderung; Durst; Herzmuskulatur; Sex; Synapse; glatte Muskulatur; Ablation; Effekt; Fasten; Geschmack; Klangfarbe; Konditionierung; Mutation; Organisation; Stoffwechsel; Synthese; Versagen; Cannabis; Gamet; Geschlechtsorgan; Verbindung; Wirkstoff</subfield>
      <subfield code="2">idssg-J</subfield>
    </datafield>
    <datafield tag="690" ind1=" " ind2=" ">
      <subfield code="a">Langzeitpotenzierung; Hippocampusformation; Blindsehen; Temporallappen; Angstst&#246;rung; Erblichkeitsuntersuchung; Formwahrnehmung; Ged&#228;chtnisaktivierung; Ged&#228;chtniskonsolidierung; Geschlechtsreifung; Hirnsch&#228;digung; Hirnstimulation; Langzeitdepression; Langzeits&#228;ttigung; Lautst&#228;rkenwahrnehmung; Panikst&#246;rung; Raumwahrnehmung; Schallquellenlokalisation; Schlafst&#246;rung; Sprachproduktion; Stressbew&#228;ltigung; Stressreaktion; Tonh&#246;henwahrnehmung; Verhaltensfunktion; Zwangsst&#246;rung; Zwillingsuntersuchung; Assoziationskortex; Hirnmechanismus; Monoamin; Nahrungsaufnahme; R&#252;ckenmarknerv; Sprachverstehen; Aufzuchtverhalten; Behandlungsweise; Bluthirnschranke; Fl&#252;ssigkeitsgleichgewicht; Geschmacksqualit&#228;t; Haarzelle; Hirnanomalie; Hungersignal; Lernf&#228;higkeit; Mittelhirn; Ortszelle; Psychoneuroimmunologie; Psychopharmakologie; Rezeptorzelle; Skelettmuskulatur; Spalthirn; Stammhirn; Substanze; Suchtmittel; Trinkverhalten; Verhaltenscharakteristik; Vorderhirn; Adoptionsstudie; Autorezeptor; Dehnungsreflex; Dopaminhypothese; Emotionsausdruck; Forschungsziel; Geschmacksbahn; Geschmacksknospe; Gesichtspunkt; Grundzug; H&#246;rbahn; Informationszustrom; Kopffaktor; Labortier; Langzeitstress; Literaturverzeichnis; Neuromodulator; Neurowissenschaft; Organisationseffekt; Personenregister; Photorezeptor; Placeboeffekt; Reaktionsmuster; Reproduktionszyklus; Schlafstadium; Stresssyndrom; Tatsache; Tiermodell; Tonklang; Umweltfaktor; Ventrikelsystem; Verhaltenseffekt; Wirkungsort</subfield>
      <subfield code="2">idssg-J</subfield>
    </datafield>
    <datafield tag="690" ind1=" " ind2=" ">
      <subfield code="a">bestimmte Substanze; deklaratives Ged&#228;chtnis; lebendes Gehirn; metabolische Aktivit&#228;t; nichtsynaptische Kommunikation; physische Abh&#228;ngigkeit; somatoviszerales System; absteigende Bahn; acetylcholinerger Informationszustrom; affektive St&#246;rung; aggressives Verhalten; aktualisierte Auflage; allgemeines Merkmal; andere Art; andere Form; angeborene Reaktion; anterograde Amnesie; auditive Haarzelle; auditive Information; auditives System; bestimmter Reiz; bestimmter Rezeptor; bilinguales Gehirn; biologische Uhr; chemische Informations&#252;bertragung; chemische Kommunikation; chemische Steuerung; corticale Bewegungssteuerung; elektrische Hirnstimulation; elektrisches Potenzial; entwicklungsbedingte Dyslexie; ethischer Gesichtspunkt; experimentelle Ablation; gastrischer Faktor; genetische Methode; gesehener Ort; gesprochene Sprache; gesundheitliche Auswirkung; gezielte Mutation; glatte Muskulatur; gro&#223;es Gehirn; grundlegende Charakteristik; grundlegendes Merkmal; histologische Methode; hormonale Steuerung; instrumentelles Konditionieren; intestinaler Faktor; kardiovaskul&#228;re Erkrankung; klassisches Konditionieren; l&#246;sliches Gas; medialer Temporallappen; menschliches Bewusstsein; menschliches Gehirn; menschliches Sexualverhalten; mentale Aktivit&#228;t; metabolischer Faktor; mimischer Emotionsausdruck; modularer Aufbau; monosynaptischer Dehnungsreflex; motorische Kortex; motorisches Lernen; m&#228;nnliches Geschlecht; m&#246;gliche Ursache; m&#252;tterliches Verhalten; nahrungsbezogenes Verhalten; nat&#252;rliche Selektion; negative Verst&#228;rkung; neurochemische Methode; neurochemische Substanze; neurologische St&#246;rung; neuronale Aktivit&#228;t; neuronale Basis; neuronale Grundlage; neuronale Integration; neuronale Kodierung; neuronale Kommunikation; neuronaler Mechanismus; neuronale Steuerung; neuronale Verbindung; nichtdeklaratives Ged&#228;chtnis; olfaktorische Information; peripheres Nervensystem; perzeptives Kurz</subfield>
      <subfield code="2">idssg-J</subfield>
    </datafield>
    <datafield tag="690" ind1=" " ind2=" ">
      <subfield code="a">zeitged&#228;chtnis; perzeptives Lernen; physiologische Behandlungsweise; physiologisches Hungersignal; physiologischer Mechanismus; physiologische Psychologie; physiologischer Regelkreis; physiologische Verhaltenscharakteristik; pineales Melatonin; polysynaptischer Reflex; positive Verst&#228;rkung; postsynaptisches Potenzial; posttraumatisches Stresssyndrom; pr&#228;frontale Kortex; pr&#228;motorische Kortex; psychische Abh&#228;ngigkeit; quergestreifte Skelettmuskulatur; reflektorische Bewegungssteuerung; reine Alexie; relationales Lernen; retinale Disparit&#228;t; rezeptives Organ; r&#228;umliches Ged&#228;chtnis; saisonaler Rhythmus; sensorisches System; sexuelle Entwicklung; sexuelle Orientierung; sexuelles Verhalten; simulierte Emotion; somatosensorische Bahn; sozialer Faktor; spezifischer Duft; stereotaktische Chirurgie; synaptische Aktivit&#228;t; synaptische Plastizit&#228;t; theoretische Erkl&#228;rung; unilateral Neglekt; unterst&#252;tzende Funktion; vegetatives Nervensystem; verbalgesteuerte Bewegung; vestibul&#228;re Bahn; vestibul&#228;res System; visuelle Analyse; visuelle Assoziationskortex; visuelle Information; visuelles System; v&#228;terliches Verhalten; weibliches Geschlecht; weiblicher Reproduktionszyklus; wiederholte Verabreichung; &#252;bliches Suchtmittel</subfield>
      <subfield code="2">idssg-J</subfield>
    </datafield>
    <datafield tag="690" ind1=" " ind2=" ">
      <subfield code="a">Mexiko C1MEX; Vereinigte Staaten C1USA; Bayern C4EUGE; Spanien C4EUSP; England C4EUUK; Gro&#223;britannien C4EUUK; Australien C8AUST; Niederlande C4EUNE; Kroatien C4EXCR; Malaysia C9MALA</subfield>
      <subfield code="2">idssg-J</subfield>
    </datafield>
    <datafield tag="690" ind1=" " ind2=" ">
      <subfield code="a">Circadiane Rhythmen Zeitgeber; elektrisch Hirnstimulation Verhalten; Harlow England Don Mills; instrumentell Konditionieren Motorisches Lernen; James LangeTheorie; Madrid Amsterdam Itswetriek; mimisch Emotionsausdruck Angeborene Reaktionen; Ontario Sydney Mexico City; Pearson Education M&#252;nchen Boston San Francisco; Potenzial Neuronale Integration; Prosodie Rhythmus TonKlang Betonung; Psychologie Neil Carlson Physiologische Psychologie; relational Lernen Amnesie; Rhythmus Schichtarbeit Jetlag; sozial Faktoren Umweltfaktoren; Sprachproduktidn Sprachverstehen Hirnmechanismen; Verhalten Maskulinisierung Defeminisierung</subfield>
      <subfield code="2">idssg-J</subfield>
    </datafield>
    <datafield tag="690" ind1=" " ind2=" ">
      <subfield code="a">Physiologische Psychologie</subfield>
      <subfield code="2">nebis-E4</subfield>
    </datafield>
    <datafield tag="690" ind1=" " ind2=" ">
      <subfield code="a">Einf&#252;hrung</subfield>
      <subfield code="2">nebis-E4</subfield>
    </datafield>
    <datafield tag="690" ind1=" " ind2=" ">
      <subfield code="a">Neuroanatomie</subfield>
      <subfield code="2">nebis-E4</subfield>
    </datafield>
    <datafield tag="690" ind1=" " ind2=" ">
      <subfield code="a">Nervensystem</subfield>
      <subfield code="2">nebis-E4</subfield>
    </datafield>
    <datafield tag="690" ind1=" " ind2=" ">
      <subfield code="a">Psychopharmakologie</subfield>
      <subfield code="2">nebis-E4</subfield>
    </datafield>
    <datafield tag="690" ind1=" " ind2=" ">
      <subfield code="a">Sehen</subfield>
      <subfield code="2">nebis-E4</subfield>
    </datafield>
    <datafield tag="690" ind1=" " ind2=" ">
      <subfield code="a">H&#246;ren</subfield>
      <subfield code="2">nebis-E4</subfield>
    </datafield>
    <datafield tag="690" ind1=" " ind2=" ">
      <subfield code="a">Sinne</subfield>
      <subfield code="2">nebis-E4</subfield>
    </datafield>
    <datafield tag="690" ind1=" " ind2=" ">
      <subfield code="a">Bewegungssteuerung</subfield>
      <subfield code="2">nebis-E4</subfield>
    </datafield>
    <datafield tag="690" ind1=" " ind2=" ">
      <subfield code="a">Schlaf</subfield>
      <subfield code="2">nebis-E4</subfield>
    </datafield>
    <datafield tag="690" ind1=" " ind2=" ">
      <subfield code="a">Biorhythmus</subfield>
      <subfield code="2">nebis-E4</subfield>
    </datafield>
    <datafield tag="690" ind1=" " ind2=" ">
      <subfield code="a">Sexualverhalten</subfield>
      <subfield code="2">nebis-E4</subfield>
    </datafield>
    <datafield tag="690" ind1=" " ind2=" ">
      <subfield code="a">Emotionales Verhalten</subfield>
      <subfield code="2">nebis-E4</subfield>
    </datafield>
    <datafield tag="690" ind1=" " ind2=" ">
      <subfield code="a">Nahrungsaufnahme</subfield>
      <subfield code="2">nebis-E4</subfield>
    </datafield>
    <datafield tag="690" ind1=" " ind2=" ">
      <subfield code="a">Lernen</subfield>
      <subfield code="2">nebis-E4</subfield>
    </datafield>
    <datafield tag="690" ind1=" " ind2=" ">
      <subfield code="a">Ged&#228;chtnis</subfield>
      <subfield code="2">nebis-E4</subfield>
    </datafield>
    <datafield tag="690" ind1=" " ind2=" ">
      <subfield code="a">Amnesie</subfield>
      <subfield code="2">nebis-E4</subfield>
    </datafield>
    <datafield tag="690" ind1=" " ind2=" ">
      <subfield code="a">Sprache</subfield>
      <subfield code="2">nebis-E4</subfield>
    </datafield>
    <datafield tag="690" ind1=" " ind2=" ">
      <subfield code="a">Stress</subfield>
      <subfield code="2">nebis-E4</subfield>
    </datafield>
    <datafield tag="690" ind1=" " ind2=" ">
      <subfield code="a">Affektst&#246;rung</subfield>
      <subfield code="2">nebis-E4</subfield>
    </datafield>
    <datafield tag="690" ind1=" " ind2=" ">
      <subfield code="a">Schizophrenie</subfield>
      <subfield code="2">nebis-E4</subfield>
    </datafield>
    <datafield tag="690" ind1=" " ind2=" ">
      <subfield code="a">Drogenmissbrauch</subfield>
      <subfield code="2">nebis-E4</subfield>
    </datafield>
    <datafield tag="690" ind1=" " ind2=" ">
      <subfield code="a">Autismus</subfield>
      <subfield code="2">nebis-E4</subfield>
    </datafield>
    <datafield tag="690" ind1=" " ind2=" ">
      <subfield code="a">Aufmerksamkeits-Defizit-Syndrom</subfield>
      <subfield code="2">nebis-E4</subfield>
    </datafield>
    <datafield tag="690" ind1=" " ind2=" ">
      <subfield code="a">Angstst&#246;rung</subfield>
      <subfield code="2">nebis-E4</subfield>
    </datafield>
    <datafield tag="856" ind1="4" ind2=" ">
      <subfield code="3">Inhaltsverzeichnis</subfield>
      <subfield code="u">http://www.ub.unibas.ch/tox/HBZ/HT014083795/PDF</subfield>
      <subfield code="q">pdf</subfield>
    </datafield>
    <datafield tag="856" ind1="4" ind2=" ">
      <subfield code="3">Abstract / Autoreninformation</subfield>
      <subfield code="u">https://toc.library.ethz.ch/objects/pdf/000124344_e01_3827370876_02.pdf</subfield>
      <subfield code="q">pdf</subfield>
    </datafield>
    <datafield tag="900" ind1=" " ind2=" ">
      <subfield code="a">IDSZ2zbzmon200505f</subfield>
      <subfield code="c">IDSZ2meyr</subfield>
      <subfield code="d">IDSZ2zbzswk200505b</subfield>
      <subfield code="e">IDSZ2bisg</subfield>
    </datafield>
    <datafield tag="900" ind1=" " ind2=" ">
      <subfield code="a">IDSE5E50ANH-2009</subfield>
    </datafield>
    <datafield tag="949" ind1=" " ind2=" ">
      <subfield code="a">https://toc.library.ethz.ch/objects/pdf/000124344_e01_3827370876_02.pdf</subfield>
    </datafield>
    <datafield tag="949" ind1=" " ind2=" ">
      <subfield code="a">http://www.ub.unibas.ch/tox/HBZ/HT014083795/PDF</subfield>
    </datafield>
    <datafield tag="958" ind1="1" ind2=" ">
      <subfield code="a">Carlson, Neil R.</subfield>
      <subfield code="7">100</subfield>
      <subfield code="9">LOCAL</subfield>
    </datafield>
    <datafield tag="960" ind1=" " ind2=" ">
      <subfield code="a">Lehrbuch</subfield>
      <subfield code="2">abn-YA</subfield>
      <subfield code="9">LOCAL</subfield>
    </datafield>
    <datafield tag="960" ind1=" " ind2=" ">
      <subfield code="a">Physiologische Psychologie</subfield>
      <subfield code="2">abn-YA</subfield>
      <subfield code="9">LOCAL</subfield>
    </datafield>
  </record>