
  <record>
    <leader>05774nam a2200865 c 4500</leader>
    <controlfield tag="001">990001300470108281</controlfield>
    <controlfield tag="005">20230424200523.0</controlfield>
    <controlfield tag="008">201012s2004    gw            00| | ger|d</controlfield>
    <datafield tag="015" ind1=" " ind2=" ">
      <subfield code="a">GFR-CIP-03,N26,0716</subfield>
      <subfield code="a">DNB-04,A22,0912</subfield>
    </datafield>
    <datafield tag="016" ind1="7" ind2=" ">
      <subfield code="a">967783739</subfield>
      <subfield code="2">GyFmDB</subfield>
    </datafield>
    <datafield tag="020" ind1=" " ind2=" ">
      <subfield code="a">3170178245</subfield>
      <subfield code="q">kart.</subfield>
      <subfield code="c">EUR 38.50</subfield>
    </datafield>
    <datafield tag="035" ind1=" " ind2=" ">
      <subfield code="a">(swissbib)243083483-41slsp_network</subfield>
    </datafield>
    <datafield tag="035" ind1=" " ind2=" ">
      <subfield code="a">243083483</subfield>
      <subfield code="9">ExL</subfield>
    </datafield>
    <datafield tag="035" ind1=" " ind2=" ">
      <subfield code="a">(IDSLU)000407426ILU01</subfield>
    </datafield>
    <datafield tag="035" ind1=" " ind2=" ">
      <subfield code="a">(RERO)R003764931-41slsp</subfield>
    </datafield>
    <datafield tag="035" ind1=" " ind2=" ">
      <subfield code="a">(NEBIS)004747662EBI01</subfield>
    </datafield>
    <datafield tag="035" ind1=" " ind2=" ">
      <subfield code="a">(IDSSG)000774156HSB01</subfield>
    </datafield>
    <datafield tag="035" ind1=" " ind2=" ">
      <subfield code="a">(DDB)967783739</subfield>
    </datafield>
    <datafield tag="035" ind1=" " ind2=" ">
      <subfield code="a">(CH-ZuSLS)991002710609705501</subfield>
    </datafield>
    <datafield tag="035" ind1=" " ind2=" ">
      <subfield code="a">(EXLNZ-41SLSP_NETWORK)991002710609705501</subfield>
    </datafield>
    <datafield tag="035" ind1=" " ind2=" ">
      <subfield code="a">(41SLSP_ABN)990001300470108281</subfield>
    </datafield>
    <datafield tag="040" ind1=" " ind2=" ">
      <subfield code="a">DDB</subfield>
      <subfield code="e">kids</subfield>
      <subfield code="d">CH-ZuSLS</subfield>
    </datafield>
    <datafield tag="072" ind1=" " ind2="7">
      <subfield code="a">110</subfield>
      <subfield code="2">IDS LU</subfield>
    </datafield>
    <datafield tag="072" ind1=" " ind2="7">
      <subfield code="a">me</subfield>
      <subfield code="2">rero</subfield>
    </datafield>
    <datafield tag="080" ind1="1" ind2=" ">
      <subfield code="a">616.891</subfield>
    </datafield>
    <datafield tag="100" ind1="1" ind2=" ">
      <subfield code="6">880-01</subfield>
      <subfield code="a">Gontard, Alexander von</subfield>
      <subfield code="0">(IDREF)10884353X</subfield>
      <subfield code="4">cre</subfield>
    </datafield>
    <datafield tag="880" ind1="1" ind2=" ">
      <subfield code="a">Gontard, Alexander &lt;&lt;von&gt;&gt;</subfield>
      <subfield code="d">1954-</subfield>
      <subfield code="0">(DE-588)124298451</subfield>
      <subfield code="6">100-01</subfield>
    </datafield>
    <datafield tag="880" ind1="1" ind2=" ">
      <subfield code="a">Gontard, Alexander &lt;&lt;von&gt;&gt;</subfield>
      <subfield code="d">1954-</subfield>
      <subfield code="0">(DE-588)124298451</subfield>
      <subfield code="6">100-01</subfield>
    </datafield>
    <datafield tag="245" ind1="1" ind2="0">
      <subfield code="a">Enkopresis</subfield>
      <subfield code="b">Erscheinungsformen - Diagnostik - Therapie</subfield>
      <subfield code="c">Alexander von Gontard</subfield>
    </datafield>
    <datafield tag="264" ind1=" " ind2="1">
      <subfield code="a">Stuttgart</subfield>
      <subfield code="b">Kohlhammer</subfield>
      <subfield code="c">2004</subfield>
    </datafield>
    <datafield tag="300" ind1=" " ind2=" ">
      <subfield code="a">194 S.</subfield>
      <subfield code="b">Ill.</subfield>
      <subfield code="c">24 cm</subfield>
    </datafield>
    <datafield tag="336" ind1=" " ind2=" ">
      <subfield code="b">txt</subfield>
      <subfield code="2">rdacontent</subfield>
    </datafield>
    <datafield tag="337" ind1=" " ind2=" ">
      <subfield code="b">n</subfield>
      <subfield code="2">rdamedia</subfield>
    </datafield>
    <datafield tag="338" ind1=" " ind2=" ">
      <subfield code="b">nc</subfield>
      <subfield code="2">rdacarrier</subfield>
    </datafield>
    <datafield tag="504" ind1=" " ind2=" ">
      <subfield code="a">Literaturverz. S. 160 - 167</subfield>
    </datafield>
    <datafield tag="650" ind1=" " ind2="7">
      <subfield code="a">Encopr&#233;sie</subfield>
      <subfield code="0">(IDREF)077072731</subfield>
      <subfield code="2">idref</subfield>
    </datafield>
    <datafield tag="650" ind1=" " ind2="7">
      <subfield code="a">Diagnostic</subfield>
      <subfield code="0">(IDREF)027803805</subfield>
      <subfield code="2">idref</subfield>
    </datafield>
    <datafield tag="650" ind1=" " ind2="7">
      <subfield code="a">Enfants</subfield>
      <subfield code="0">(IDREF)027233278</subfield>
      <subfield code="2">idref</subfield>
    </datafield>
    <datafield tag="650" ind1=" " ind2="7">
      <subfield code="a">Th&#233;rapeutique</subfield>
      <subfield code="0">(IDREF)027589838</subfield>
      <subfield code="2">idref</subfield>
    </datafield>
    <datafield tag="650" ind1=" " ind2="7">
      <subfield code="a">Enkopresis</subfield>
      <subfield code="0">(DE-588)4152303-9</subfield>
      <subfield code="2">gnd</subfield>
    </datafield>
    <datafield tag="650" ind1=" " ind2="7">
      <subfield code="a">Kind</subfield>
      <subfield code="2">idszbz</subfield>
    </datafield>
    <datafield tag="650" ind1=" " ind2="7">
      <subfield code="a">Enkopresis</subfield>
      <subfield code="2">idszbz</subfield>
    </datafield>
    <datafield tag="650" ind1=" " ind2="7">
      <subfield code="a">Entwicklungsst&#246;rung</subfield>
      <subfield code="0">(DE-588)4014966-3</subfield>
      <subfield code="2">gnd</subfield>
    </datafield>
    <datafield tag="650" ind1=" " ind2="7">
      <subfield code="a">Enuresis</subfield>
      <subfield code="0">(DE-588)4366917-7</subfield>
      <subfield code="2">gnd</subfield>
    </datafield>
    <datafield tag="650" ind1=" " ind2="7">
      <subfield code="a">Kind</subfield>
      <subfield code="0">(DE-588)4030550-8</subfield>
      <subfield code="2">gnd</subfield>
    </datafield>
    <datafield tag="650" ind1=" " ind2="7">
      <subfield code="a">Kinderpsychologie</subfield>
      <subfield code="0">(DE-588)4073410-9</subfield>
      <subfield code="2">gnd</subfield>
    </datafield>
    <datafield tag="650" ind1=" " ind2="7">
      <subfield code="a">Psychologische Diagnostik</subfield>
      <subfield code="0">(DE-588)4076411-4</subfield>
      <subfield code="2">gnd</subfield>
    </datafield>
    <datafield tag="650" ind1=" " ind2="7">
      <subfield code="a">Psychopathologie</subfield>
      <subfield code="0">(DE-588)4047724-1</subfield>
      <subfield code="2">gnd</subfield>
    </datafield>
    <datafield tag="650" ind1=" " ind2="7">
      <subfield code="a">Psychotherapie</subfield>
      <subfield code="0">(DE-588)4047746-0</subfield>
      <subfield code="2">gnd</subfield>
    </datafield>
    <datafield tag="650" ind1=" " ind2="7">
      <subfield code="a">Reinlichkeitserziehung</subfield>
      <subfield code="0">(DE-588)4177590-9</subfield>
      <subfield code="2">gnd</subfield>
    </datafield>
    <datafield tag="650" ind1=" " ind2="7">
      <subfield code="a">Therapie</subfield>
      <subfield code="0">(DE-588)4059798-2</subfield>
      <subfield code="2">gnd</subfield>
    </datafield>
    <datafield tag="650" ind1=" " ind2="7">
      <subfield code="a">Verstopfung</subfield>
      <subfield code="0">(DE-588)4132815-2</subfield>
      <subfield code="2">gnd</subfield>
    </datafield>
    <datafield tag="650" ind1=" " ind2="7">
      <subfield code="a">Entwicklungspsychologie</subfield>
      <subfield code="x">Einzelne Aspekte</subfield>
      <subfield code="0">(HPHSG)000001484</subfield>
      <subfield code="2">hph-phsg</subfield>
    </datafield>
    <datafield tag="650" ind1=" " ind2="7">
      <subfield code="a">Psychopathologie</subfield>
      <subfield code="0">(HPHSG)000001547</subfield>
      <subfield code="2">hph-phsg</subfield>
    </datafield>
    <datafield tag="650" ind1=" " ind2="7">
      <subfield code="a">Psychotherapie</subfield>
      <subfield code="0">(HPHSG)000001555</subfield>
      <subfield code="2">hph-phsg</subfield>
    </datafield>
    <datafield tag="650" ind1=" " ind2="7">
      <subfield code="a">Therapie</subfield>
      <subfield code="x">Psychologie</subfield>
      <subfield code="0">(HPHSG)000001556</subfield>
      <subfield code="2">hph-phsg</subfield>
    </datafield>
    <datafield tag="650" ind1=" " ind2="7">
      <subfield code="a">Diagnostik</subfield>
      <subfield code="x">Psychologie</subfield>
      <subfield code="0">(HPHSG)000030158</subfield>
      <subfield code="2">hph-phsg</subfield>
    </datafield>
    <datafield tag="690" ind1=" " ind2=" ">
      <subfield code="a">Enkopresis</subfield>
      <subfield code="2">nebis-E4</subfield>
    </datafield>
    <datafield tag="690" ind1=" " ind2=" ">
      <subfield code="a">Verstopfung</subfield>
      <subfield code="2">nebis-E4</subfield>
    </datafield>
    <datafield tag="690" ind1=" " ind2=" ">
      <subfield code="a">Enuresis</subfield>
      <subfield code="2">nebis-E4</subfield>
    </datafield>
    <datafield tag="690" ind1=" " ind2=" ">
      <subfield code="a">Reinlichkeitserziehung</subfield>
      <subfield code="2">nebis-E4</subfield>
    </datafield>
    <datafield tag="690" ind1=" " ind2=" ">
      <subfield code="a">Kinderpsychologie</subfield>
      <subfield code="2">nebis-E4</subfield>
    </datafield>
    <datafield tag="690" ind1=" " ind2=" ">
      <subfield code="a">Kind</subfield>
      <subfield code="2">nebis-E4</subfield>
    </datafield>
    <datafield tag="690" ind1=" " ind2=" ">
      <subfield code="a">Entwicklungsst&#246;rung</subfield>
      <subfield code="2">nebis-E4</subfield>
    </datafield>
    <datafield tag="690" ind1=" " ind2=" ">
      <subfield code="a">Psychologische Diagnostik</subfield>
      <subfield code="2">nebis-E4</subfield>
    </datafield>
    <datafield tag="690" ind1=" " ind2=" ">
      <subfield code="a">Psychotherapie</subfield>
      <subfield code="2">nebis-E4</subfield>
    </datafield>
    <datafield tag="690" ind1=" " ind2=" ">
      <subfield code="a">Therapie</subfield>
      <subfield code="2">nebis-E4</subfield>
    </datafield>
    <datafield tag="690" ind1=" " ind2=" ">
      <subfield code="a">psychische St&#246;rung; Syndrom; Bettn&#228;ssen; Psychotherapie; Funktionsdiagnostik; R&#246;ntgendiagnostik; Laboruntersuchung; Anamnese; Erziehung</subfield>
      <subfield code="2">idssg-J</subfield>
    </datafield>
    <datafield tag="690" ind1=" " ind2=" ">
      <subfield code="a">Basistherapie; Sauberkeitserziehung; Begleitst&#246;rung; Basisdiagnostik; Manometrie; Laxantientherapie; Stuhlverweigerungssyndrom; Toilettenphobie; Toilettenverweigerungssyndrom; Darmentleerung; Hirnstammfunktion; Intelligenzminderung; Komorbidit&#228;t; Symptomatik; Therapieindikation; Erscheinungsform; Erkl&#228;rungsmodell; Hirschsprung; Kritikpunkt; Langzeitverlauf; Sonderform; Subform; Wiederholungsrisiko; Einn&#228;sseinkotproblem; Erhaltungsphase; Kohlhammer; Pr&#228;valenz; Stuhlgang; Therapiekomponente; Toilettenprotokoll; Verhaltenssymptom; Zwillingsstudie</subfield>
      <subfield code="2">idssg-J</subfield>
    </datafield>
    <datafield tag="690" ind1=" " ind2=" ">
      <subfield code="a">allgemeiner Befund; andere St&#246;rung; erweiterte Diagnostik; lokale Dysfunktion; metabolische Untersuchung; prim&#228;re Form; relevante Begleitst&#246;rung; relevante St&#246;rung; verschiedene Enkopresis; weiteres Symptom; alte Arbeit; ander Laxantien; anderes Erkl&#228;rungsmodell; chronische Obstipation; differentielle Therapieindikation; dimensionaler Zugang; eigene Beobachtung; eigene Studie; einn&#228;ssendes Kind; empirisch Eamilienstudien; empirisch Familien&#252;ntersuchungen; endokrinologische Untersuchung; enterisches Nervensystem; erweiterte Diagnostik; erweiterte Therapie; formende Enkopresis; jugendlicher Erwachsener; kategorialer Zugang; kinderpsychiatrische St&#246;rung; klinischer Aspekt; klinische Symptomatik; kombiniertes Einn&#228;sseinkotproblem; kombiniertes Einn&#228;ssen; k&#246;rperliche Behinderung; k&#246;rperliche Untersuchung; lokaler Faktor; m&#246;glicher Zusammenhang; neue Studie; organische Diagnostik; psychiatrische Begleitst&#246;rung; psychiatrische Komorbidit&#228;t; psychische Begleitst&#246;rung; psychische Komorbidit&#228;t; psychisches Symptom; psychopathologischer Befund; rektoanale Dysfunktion; schwedische Studie; schweizer Studie; sekund&#228;re Form; sonstige Diagnostik; sonstige Funktionsdiagnostik; spezifische Neurophysiologie; spezifische St&#246;rung; subklinisches Verhaltenssymptom; tageszeitliche Bindung; traditionelle Hypothese; unspezifischer Befund; verschiedene Therapiekomponente; weitergehende Psychotherapie; zentraler Faktor; zentrales Nervensystem</subfield>
      <subfield code="2">idssg-J</subfield>
    </datafield>
    <datafield tag="690" ind1=" " ind2=" ">
      <subfield code="a">Anhang Frageb&#246;gen Protokolle Kalender; eigen Studie Enkopresis; Enkopresis Erscheinungsformen Diagnostik Therapie; Familien&#252;ntersuchungen Wiederh&#246;lungsrisiko; Gontard Enkopresis Erscheinungsformen Diagnostik; Toilet Refusal; Zusammenh&#228;ngezwischen Obstipation Enkopresis</subfield>
      <subfield code="2">idssg-J</subfield>
    </datafield>
    <datafield tag="856" ind1="4" ind2=" ">
      <subfield code="3">Inhaltsverzeichnis</subfield>
      <subfield code="u">https://www.ub.unibas.ch/tox/HBZ/HT013717683/PDF</subfield>
      <subfield code="q">pdf</subfield>
    </datafield>
    <datafield tag="900" ind1=" " ind2=" ">
      <subfield code="a">REROnoselfmerge</subfield>
    </datafield>
    <datafield tag="900" ind1=" " ind2=" ">
      <subfield code="a">IDSZ2zbzmon200409f</subfield>
      <subfield code="c">IDSZ2duer</subfield>
      <subfield code="d">IDSZ2zbzswk200409b</subfield>
      <subfield code="e">IDSZ2lehh</subfield>
    </datafield>
    <datafield tag="949" ind1=" " ind2=" ">
      <subfield code="a">https://www.ub.unibas.ch/tox/HBZ/HT013717683/PDF</subfield>
    </datafield>
    <datafield tag="957" ind1=" " ind2="7">
      <subfield code="a">Enkopresis</subfield>
      <subfield code="0">(DE-588)4152303-9</subfield>
      <subfield code="2">gnd</subfield>
      <subfield code="7">650</subfield>
      <subfield code="9">LOCAL</subfield>
    </datafield>
    <datafield tag="958" ind1="1" ind2=" ">
      <subfield code="a">Gontard, Alexander von</subfield>
      <subfield code="7">100</subfield>
      <subfield code="9">LOCAL</subfield>
    </datafield>
  </record>