
  <record>
    <leader>04807nam a2200589 c 4500</leader>
    <controlfield tag="001">990001300510108281</controlfield>
    <controlfield tag="005">20230424185201.0</controlfield>
    <controlfield tag="008">201012s2004    gw            00| | ger  </controlfield>
    <datafield tag="015" ind1=" " ind2=" ">
      <subfield code="a">GFR-CIP-02,N01</subfield>
      <subfield code="a">DNB-02,N01,0089</subfield>
    </datafield>
    <datafield tag="016" ind1="7" ind2=" ">
      <subfield code="a">96322123X</subfield>
      <subfield code="2">GyFmDB</subfield>
    </datafield>
    <datafield tag="019" ind1=" " ind2=" ">
      <subfield code="a">Datenimport aus BIBDIA ZB Solothurn</subfield>
      <subfield code="5">IDSBB/09.01.2019/A150/bmt</subfield>
    </datafield>
    <datafield tag="020" ind1=" " ind2=" ">
      <subfield code="a">3170186302</subfield>
    </datafield>
    <datafield tag="035" ind1=" " ind2=" ">
      <subfield code="a">(swissbib)234051272-41slsp_network</subfield>
    </datafield>
    <datafield tag="035" ind1=" " ind2=" ">
      <subfield code="a">234051272</subfield>
      <subfield code="9">ExL</subfield>
    </datafield>
    <datafield tag="035" ind1=" " ind2=" ">
      <subfield code="a">(IDSLU)000409554ILU01</subfield>
    </datafield>
    <datafield tag="035" ind1=" " ind2=" ">
      <subfield code="a">(IDSBB)006947169DSV01</subfield>
    </datafield>
    <datafield tag="035" ind1=" " ind2=" ">
      <subfield code="a">(IDSSG)000757954HSB01</subfield>
    </datafield>
    <datafield tag="035" ind1=" " ind2=" ">
      <subfield code="a">(NEBIS)004888771EBI01</subfield>
    </datafield>
    <datafield tag="035" ind1=" " ind2=" ">
      <subfield code="a">(CH-ZuSLS)991057295309705501</subfield>
    </datafield>
    <datafield tag="035" ind1=" " ind2=" ">
      <subfield code="a">(EXLNZ-41SLSP_NETWORK)991057295309705501</subfield>
    </datafield>
    <datafield tag="035" ind1=" " ind2=" ">
      <subfield code="a">(41SLSP_ABN)990001300510108281</subfield>
    </datafield>
    <datafield tag="040" ind1=" " ind2=" ">
      <subfield code="a">DDB</subfield>
      <subfield code="e">kids</subfield>
      <subfield code="d">CH-ZuSLS</subfield>
    </datafield>
    <datafield tag="084" ind1=" " ind2=" ">
      <subfield code="a">CR 6000</subfield>
      <subfield code="2">rvk</subfield>
    </datafield>
    <datafield tag="100" ind1="1" ind2=" ">
      <subfield code="a">Bischof-K&#246;hler, Doris</subfield>
      <subfield code="d">1936-</subfield>
      <subfield code="0">(DE-588)111730120</subfield>
    </datafield>
    <datafield tag="245" ind1="1" ind2="0">
      <subfield code="a">Von Natur aus anders</subfield>
      <subfield code="b">die Psychologie der Geschlechtsunterschiede</subfield>
      <subfield code="c">Doris Bischof-K&#246;hler</subfield>
    </datafield>
    <datafield tag="250" ind1=" " ind2=" ">
      <subfield code="a">2. Aufl.</subfield>
    </datafield>
    <datafield tag="264" ind1=" " ind2="1">
      <subfield code="a">Stuttgart</subfield>
      <subfield code="b">W. Kohlhammer</subfield>
      <subfield code="c">2004</subfield>
    </datafield>
    <datafield tag="300" ind1=" " ind2=" ">
      <subfield code="a">430 S.</subfield>
      <subfield code="b">Ill.</subfield>
      <subfield code="c">24 cm</subfield>
    </datafield>
    <datafield tag="336" ind1=" " ind2=" ">
      <subfield code="b">txt</subfield>
      <subfield code="2">rdacontent</subfield>
    </datafield>
    <datafield tag="337" ind1=" " ind2=" ">
      <subfield code="b">n</subfield>
      <subfield code="2">rdamedia</subfield>
    </datafield>
    <datafield tag="338" ind1=" " ind2=" ">
      <subfield code="b">nc</subfield>
      <subfield code="2">rdacarrier</subfield>
    </datafield>
    <datafield tag="650" ind1=" " ind2="7">
      <subfield code="a">Geschlechtsunterschied</subfield>
      <subfield code="0">(DE-588)4071781-1</subfield>
      <subfield code="2">gnd</subfield>
    </datafield>
    <datafield tag="650" ind1=" " ind2="7">
      <subfield code="a">Psychologie</subfield>
      <subfield code="0">(DE-588)4047704-6</subfield>
      <subfield code="2">gnd</subfield>
    </datafield>
    <datafield tag="650" ind1=" " ind2="4">
      <subfield code="a">Geschlechtsunterschied</subfield>
    </datafield>
    <datafield tag="650" ind1=" " ind2="4">
      <subfield code="a">Psychologie</subfield>
    </datafield>
    <datafield tag="650" ind1=" " ind2="7">
      <subfield code="a">Geschlechterrolle</subfield>
      <subfield code="0">(HPHSG)000000577</subfield>
      <subfield code="2">hph-phsg</subfield>
    </datafield>
    <datafield tag="650" ind1=" " ind2="7">
      <subfield code="a">Geschlechterunterschiede</subfield>
      <subfield code="x">Entwicklungspsychologie</subfield>
      <subfield code="0">(HPHSG)000001502</subfield>
      <subfield code="2">hph-phsg</subfield>
    </datafield>
    <datafield tag="650" ind1=" " ind2="7">
      <subfield code="a">Geschlechterrollen</subfield>
      <subfield code="x">Schule</subfield>
      <subfield code="0">(HPHSG)000001209</subfield>
      <subfield code="2">hph-phsg</subfield>
    </datafield>
    <datafield tag="650" ind1=" " ind2="7">
      <subfield code="a">Geschlechtertrennung</subfield>
      <subfield code="x">Schule</subfield>
      <subfield code="0">(HPHSG)000027316</subfield>
      <subfield code="2">hph-phsg</subfield>
    </datafield>
    <datafield tag="650" ind1=" " ind2="7">
      <subfield code="a">Geschlechtsspezifische Interessen</subfield>
      <subfield code="x">Schule</subfield>
      <subfield code="0">(HPHSG)000025795</subfield>
      <subfield code="2">hph-phsg</subfield>
    </datafield>
    <datafield tag="650" ind1=" " ind2="7">
      <subfield code="a">Geschlechtsspezifisches Lernen</subfield>
      <subfield code="x">P&#228;dagogische Psychologie</subfield>
      <subfield code="0">(HPHSG)000024998</subfield>
      <subfield code="2">hph-phsg</subfield>
    </datafield>
    <datafield tag="650" ind1=" " ind2="7">
      <subfield code="a">Geschlechtsunterschied</subfield>
      <subfield code="2">idszbz</subfield>
    </datafield>
    <datafield tag="650" ind1=" " ind2="7">
      <subfield code="a">Psychologie</subfield>
      <subfield code="2">idszbz</subfield>
    </datafield>
    <datafield tag="690" ind1=" " ind2=" ">
      <subfield code="a">Geschlechtsunterschied; Geschlechtsrolle; Nachahmung; Erziehung; Strategie; Theorie; Verhalten; Baby; Kompatibilit&#228;t; M&#228;dchen; Evolution; Kultur; Natur; Frauen; Stil; Wahl; Weibchen; Aggressivit&#228;t; Androgynie; Ethik; Farbton; Kontinuit&#228;t; Kraft; Macht; mathematische Konstante; Abwanderung; Auflage; Disponieren; Dressur; Einleitung; Evidenz; Freiheit; Konsistenz; Rangordnung; Verst&#228;rkung; Werbung; Wirklichkeit; Abwertung; Aufwertung; Begr&#252;ndung; Inszenierung; Kriterium; Ver&#228;nderung; Biologie; Eltern; Folge; Genese; Kritik; Planung; Psychologie; Vergleich; soziale Rolle</subfield>
      <subfield code="2">idssg-J</subfield>
    </datafield>
    <datafield tag="690" ind1=" " ind2=" ">
      <subfield code="a">Beweiskraft; 92konfliktl&#246;sungsstrategie; Erziehungshaltung; Fortpflanzungsstrategie; F&#252;rsorgebereitschaft; Geschlechtskonsistenz; Geschlechtspermanenz; Geschlechtsschematheorie; Kinderaufzucht; Rangh&#246;he; Risikobereitschaft; Verhaltensdisposition; Werbungsstrategie; Bewegungsweise; Geschlechtsrollenverhalten; Kohlhammer; Misserfolgstoleranz; Modellwahl; Phylogenese; Spielstil; Verhaltensstil; Zwischenbilanz; 93kohlberg; Elternteil; Entwicklungsfolge; Erziehungspraxis; Friedbergstra&#223;e; Kastrationskomplex; Kinderhaus; Kulturrelativismus; Kulturvergleich; Reproduktionserfolg; Spielsache</subfield>
      <subfield code="2">idssg-J</subfield>
    </datafield>
    <datafield tag="690" ind1=" " ind2=" ">
      <subfield code="a">qualitative Fortpflanzungsstrategie; v&#228;terlicher Spielstil; widerspr&#252;chliche Aggressivit&#228;t; biologische Begr&#252;ndung; geschlechtsegalit&#228;re Kultur; geschlechtstypisches Verhalten; geschlechtstypische Verhaltensdisposition; geschlechtstypische Verst&#228;rkung; interaktive Erziehungshaltung; invariante Stufe; menschliche Phylogenese; menschliches Verhalten; methodisches Problem; missverstandene Biologie; m&#228;nnliche F&#252;rsorgebereitschaft; m&#252;tterliche F&#252;rsorglichkeit; m&#252;tterlicher Spielstil; nichtsexistische Erziehung; pr&#228;kulturelle Determinante; p&#228;dagogische Hochschule; quantitative Fortpflanzungsstrategie; repressive Korrektheit; sozialisierter Geschlechtsunterschied; stereotypes Geschlechtsrollenverhalten; tausendj&#228;hriges Geschlecht; ultimat Undproximate; weibliche Aggressivit&#228;t; weibliche Promiskuit&#228;t; weibliche Rangordnung; weibliche Strategie</subfield>
      <subfield code="2">idssg-J</subfield>
    </datafield>
    <datafield tag="690" ind1=" " ind2=" ">
      <subfield code="a">Israel C7ISRA</subfield>
      <subfield code="2">idssg-J</subfield>
    </datafield>
    <datafield tag="690" ind1=" " ind2=" ">
      <subfield code="a">Annahme Babyx Studien; Auflage P&#228;dagogische Hochschule Mediafhe; Baby Sexing; Fisher; Freud; Geschlechtsunterschied Doris Bischof K&#246;hler; Kohlberg; Kohlhammer Einleitung Natur Kultur; Kontinuit&#228;t Menschliche Phylogenese; kritisch Feministische Alternativen; Margaret Mead; Rorschach; Stella Maris M&#252;iler FriedbergStrasse; Uberlappende Natur Freiheit; &#214;dipus</subfield>
      <subfield code="2">idssg-J</subfield>
    </datafield>
    <datafield tag="690" ind1=" " ind2=" ">
      <subfield code="a">Geschlechterpsychologie</subfield>
      <subfield code="2">fhnw-E8</subfield>
    </datafield>
    <datafield tag="856" ind1="4" ind2=" ">
      <subfield code="3">Inhaltsverzeichnis</subfield>
      <subfield code="u">https://www.ub.unibas.ch/tox/HBZ/HT014190210/PDF</subfield>
      <subfield code="q">pdf</subfield>
    </datafield>
    <datafield tag="949" ind1=" " ind2=" ">
      <subfield code="a">https://www.ub.unibas.ch/tox/HBZ/HT014190210/PDF</subfield>
    </datafield>
    <datafield tag="957" ind1=" " ind2="7">
      <subfield code="a">Geschlechterpsychologie</subfield>
      <subfield code="0">(DE-588)4157009-1</subfield>
      <subfield code="2">gnd</subfield>
      <subfield code="7">650</subfield>
      <subfield code="9">LOCAL</subfield>
    </datafield>
    <datafield tag="957" ind1=" " ind2="7">
      <subfield code="a">Geschlechtsunterschied</subfield>
      <subfield code="0">(DE-588)4071781-1</subfield>
      <subfield code="2">gnd</subfield>
      <subfield code="7">650</subfield>
      <subfield code="9">LOCAL</subfield>
    </datafield>
    <datafield tag="958" ind1="1" ind2=" ">
      <subfield code="a">Bischof-K&#246;hler, Doris</subfield>
      <subfield code="7">100</subfield>
      <subfield code="9">LOCAL</subfield>
    </datafield>
  </record>