
  <record>
    <leader>02115nam a2200589 c 4500</leader>
    <controlfield tag="001">990001300520108281</controlfield>
    <controlfield tag="005">20230424181333.0</controlfield>
    <controlfield tag="008">201012s2004    gw       ||||u000 u ger|d</controlfield>
    <datafield tag="015" ind1=" " ind2=" ">
      <subfield code="a">GFR-CIP-04,N28,1285</subfield>
      <subfield code="a">DNB-04,A51,1657</subfield>
    </datafield>
    <datafield tag="016" ind1="7" ind2=" ">
      <subfield code="a">971547467</subfield>
      <subfield code="2">GyFmDB</subfield>
    </datafield>
    <datafield tag="020" ind1=" " ind2=" ">
      <subfield code="a">3476020282</subfield>
      <subfield code="q">Pb.</subfield>
      <subfield code="c">ca. EUR 12.95, ca. CHF 21.00</subfield>
    </datafield>
    <datafield tag="035" ind1=" " ind2=" ">
      <subfield code="a">(swissbib)243050496-41slsp_network</subfield>
    </datafield>
    <datafield tag="035" ind1=" " ind2=" ">
      <subfield code="a">243050496</subfield>
      <subfield code="9">ExL</subfield>
    </datafield>
    <datafield tag="035" ind1=" " ind2=" ">
      <subfield code="a">(NEBIS)004890049EBI01</subfield>
    </datafield>
    <datafield tag="035" ind1=" " ind2=" ">
      <subfield code="a">(IDSLU)000393101ILU01</subfield>
    </datafield>
    <datafield tag="035" ind1=" " ind2=" ">
      <subfield code="a">(IDSBB)003534917DSV01</subfield>
    </datafield>
    <datafield tag="035" ind1=" " ind2=" ">
      <subfield code="a">(DDB)971547467</subfield>
    </datafield>
    <datafield tag="035" ind1=" " ind2=" ">
      <subfield code="a">(CH-ZuSLS)991002571619705501</subfield>
    </datafield>
    <datafield tag="035" ind1=" " ind2=" ">
      <subfield code="a">(EXLNZ-41SLSP_NETWORK)991002571619705501</subfield>
    </datafield>
    <datafield tag="035" ind1=" " ind2=" ">
      <subfield code="a">(41SLSP_ABN)990001300520108281</subfield>
    </datafield>
    <datafield tag="040" ind1=" " ind2=" ">
      <subfield code="a">DDB</subfield>
      <subfield code="d">CH-ZuSLS</subfield>
    </datafield>
    <datafield tag="044" ind1=" " ind2=" ">
      <subfield code="a">gw</subfield>
    </datafield>
    <datafield tag="072" ind1=" " ind2="7">
      <subfield code="a">530</subfield>
      <subfield code="2">IDS LU</subfield>
    </datafield>
    <datafield tag="072" ind1=" " ind2="7">
      <subfield code="a">le</subfield>
      <subfield code="2">SzZuIDS BS/BE</subfield>
    </datafield>
    <datafield tag="084" ind1=" " ind2=" ">
      <subfield code="a">HD 120</subfield>
      <subfield code="2">rvk</subfield>
    </datafield>
    <datafield tag="084" ind1=" " ind2=" ">
      <subfield code="a">HG 100</subfield>
      <subfield code="2">rvk</subfield>
    </datafield>
    <datafield tag="245" ind1="0" ind2="0">
      <subfield code="a">Englischsprachige Autoren</subfield>
      <subfield code="b">113 Portr&#228;ts</subfield>
      <subfield code="c">Bernd Engler ... [et al.] (Hrsg.)</subfield>
    </datafield>
    <datafield tag="264" ind1=" " ind2="1">
      <subfield code="a">Stuttgart</subfield>
      <subfield code="b">Metzler</subfield>
      <subfield code="c">2004</subfield>
    </datafield>
    <datafield tag="300" ind1=" " ind2=" ">
      <subfield code="a">311 S.</subfield>
      <subfield code="c">19 cm</subfield>
    </datafield>
    <datafield tag="336" ind1=" " ind2=" ">
      <subfield code="b">txt</subfield>
      <subfield code="2">rdacontent</subfield>
    </datafield>
    <datafield tag="337" ind1=" " ind2=" ">
      <subfield code="b">n</subfield>
      <subfield code="2">rdamedia</subfield>
    </datafield>
    <datafield tag="338" ind1=" " ind2=" ">
      <subfield code="b">nc</subfield>
      <subfield code="2">rdacarrier</subfield>
    </datafield>
    <datafield tag="490" ind1="0" ind2=" ">
      <subfield code="a">Metzler kompakt</subfield>
    </datafield>
    <datafield tag="648" ind1=" " ind2="7">
      <subfield code="a">Geschichte</subfield>
      <subfield code="2">gnd</subfield>
    </datafield>
    <datafield tag="650" ind1=" " ind2="7">
      <subfield code="a">Schriftsteller</subfield>
      <subfield code="2">idszbz</subfield>
    </datafield>
    <datafield tag="650" ind1=" " ind2="7">
      <subfield code="a">Literatur</subfield>
      <subfield code="0">(DE-588)4035964-5</subfield>
      <subfield code="2">gnd</subfield>
    </datafield>
    <datafield tag="650" ind1=" " ind2="7">
      <subfield code="a">Englisch</subfield>
      <subfield code="0">(DE-588)4014777-0</subfield>
      <subfield code="2">gnd</subfield>
    </datafield>
    <datafield tag="650" ind1=" " ind2="7">
      <subfield code="a">Schriftstellerin</subfield>
      <subfield code="0">(DE-588)4053311-6</subfield>
      <subfield code="2">gnd</subfield>
    </datafield>
    <datafield tag="650" ind1=" " ind2="7">
      <subfield code="a">Schriftsteller</subfield>
      <subfield code="0">(DE-588)4053309-8</subfield>
      <subfield code="2">gnd</subfield>
    </datafield>
    <datafield tag="650" ind1=" " ind2="7">
      <subfield code="a">Englische Literatur</subfield>
      <subfield code="v">W&#246;rterbuch</subfield>
      <subfield code="2">idsbb</subfield>
    </datafield>
    <datafield tag="650" ind1=" " ind2="7">
      <subfield code="a">Englische Literatur</subfield>
      <subfield code="z">Commonwealth</subfield>
      <subfield code="v">W&#246;rterbuch</subfield>
      <subfield code="2">idsbb</subfield>
    </datafield>
    <datafield tag="650" ind1=" " ind2="7">
      <subfield code="a">Literatur</subfield>
      <subfield code="z">USA</subfield>
      <subfield code="v">W&#246;rterbuch</subfield>
      <subfield code="2">idsbb</subfield>
    </datafield>
    <datafield tag="650" ind1=" " ind2="7">
      <subfield code="a">Schriftsteller</subfield>
      <subfield code="z">englischsprachiger</subfield>
      <subfield code="v">W&#246;rterbuch</subfield>
      <subfield code="2">idsbb</subfield>
    </datafield>
    <datafield tag="651" ind1=" " ind2="7">
      <subfield code="a">Englisches Sprachgebiet</subfield>
      <subfield code="2">idszbz</subfield>
    </datafield>
    <datafield tag="651" ind1=" " ind2="7">
      <subfield code="a">Englisches Sprachgebiet</subfield>
      <subfield code="0">(DE-588)4113441-2</subfield>
      <subfield code="2">gnd</subfield>
    </datafield>
    <datafield tag="651" ind1=" " ind2="7">
      <subfield code="a">Gro&#223;britannien</subfield>
      <subfield code="0">(DE-588)4022153-2</subfield>
      <subfield code="2">gnd</subfield>
    </datafield>
    <datafield tag="655" ind1=" " ind2="7">
      <subfield code="a">W&#246;rterbuch</subfield>
      <subfield code="2">gnd-content</subfield>
    </datafield>
    <datafield tag="655" ind1=" " ind2="7">
      <subfield code="a">Biografie</subfield>
      <subfield code="2">gnd-content</subfield>
    </datafield>
    <datafield tag="700" ind1="1" ind2=" ">
      <subfield code="a">Engler, Bernd</subfield>
      <subfield code="d">1954-</subfield>
      <subfield code="0">(DE-588)136159176</subfield>
    </datafield>
    <datafield tag="900" ind1=" " ind2=" ">
      <subfield code="a">IDSZ2zbzmon200502f</subfield>
      <subfield code="c">IDSZ2tres</subfield>
      <subfield code="d">IDSZ2zbzswk200503b</subfield>
      <subfield code="e">IDSZ2stor</subfield>
    </datafield>
    <datafield tag="958" ind1="1" ind2=" ">
      <subfield code="a">Engler, Bernd</subfield>
      <subfield code="7">700</subfield>
      <subfield code="9">LOCAL</subfield>
    </datafield>
    <datafield tag="960" ind1=" " ind2=" ">
      <subfield code="a">Schriftsteller</subfield>
      <subfield code="2">abn-YA</subfield>
      <subfield code="9">LOCAL</subfield>
    </datafield>
    <datafield tag="960" ind1=" " ind2=" ">
      <subfield code="a">Biographie</subfield>
      <subfield code="2">abn-YA</subfield>
      <subfield code="9">LOCAL</subfield>
    </datafield>
    <datafield tag="960" ind1=" " ind2=" ">
      <subfield code="a">Englisches Sprachgebiet</subfield>
      <subfield code="2">abn-YA</subfield>
      <subfield code="9">LOCAL</subfield>
    </datafield>
  </record>