
  <record>
    <leader>02438nam a2200637 c 4500</leader>
    <controlfield tag="001">990001300540108281</controlfield>
    <controlfield tag="005">20230424215735.0</controlfield>
    <controlfield tag="008">201011s2005    gw ||||| |||| 00| ||ger d</controlfield>
    <datafield tag="020" ind1=" " ind2=" ">
      <subfield code="a">3190078912</subfield>
    </datafield>
    <datafield tag="024" ind1="7" ind2=" ">
      <subfield code="a">http://catalogue.bnf.fr/ark:/12148/cb410518096</subfield>
      <subfield code="2">uri</subfield>
    </datafield>
    <datafield tag="035" ind1=" " ind2=" ">
      <subfield code="a">(swissbib)228786894-41slsp_network</subfield>
    </datafield>
    <datafield tag="035" ind1=" " ind2=" ">
      <subfield code="a">228786894</subfield>
      <subfield code="9">ExL</subfield>
    </datafield>
    <datafield tag="035" ind1=" " ind2=" ">
      <subfield code="a">(RERO)R003773941-41slsp</subfield>
    </datafield>
    <datafield tag="035" ind1=" " ind2=" ">
      <subfield code="a">(IDSBB)003486442DSV01</subfield>
    </datafield>
    <datafield tag="035" ind1=" " ind2=" ">
      <subfield code="a">(NEBIS)004869164EBI01</subfield>
    </datafield>
    <datafield tag="035" ind1=" " ind2=" ">
      <subfield code="a">(CH-ZuSLS)991027328489705501</subfield>
    </datafield>
    <datafield tag="035" ind1=" " ind2=" ">
      <subfield code="a">(EXLNZ-41SLSP_NETWORK)991027328489705501</subfield>
    </datafield>
    <datafield tag="035" ind1=" " ind2=" ">
      <subfield code="a">(41SLSP_ABN)990001300540108281</subfield>
    </datafield>
    <datafield tag="040" ind1=" " ind2=" ">
      <subfield code="a">RERO frbcuc</subfield>
      <subfield code="d">CH-ZuSLS</subfield>
    </datafield>
    <datafield tag="072" ind1=" " ind2="7">
      <subfield code="a">al</subfield>
      <subfield code="2">rero</subfield>
    </datafield>
    <datafield tag="072" ind1=" " ind2="7">
      <subfield code="a">dn</subfield>
      <subfield code="2">SzZuIDS BS/BE</subfield>
    </datafield>
    <datafield tag="082" ind1="0" ind2="4">
      <subfield code="a">834.9</subfield>
      <subfield code="2">21</subfield>
    </datafield>
    <datafield tag="082" ind1="0" ind2="4">
      <subfield code="a">438.1</subfield>
      <subfield code="b">S366s</subfield>
    </datafield>
    <datafield tag="082" ind1="1" ind2="4">
      <subfield code="a">433</subfield>
      <subfield code="2">22</subfield>
    </datafield>
    <datafield tag="082" ind1="1" ind2="4">
      <subfield code="a">430</subfield>
      <subfield code="2">15</subfield>
    </datafield>
    <datafield tag="084" ind1=" " ind2=" ">
      <subfield code="a">ER 765</subfield>
      <subfield code="2">rvk</subfield>
    </datafield>
    <datafield tag="084" ind1=" " ind2=" ">
      <subfield code="a">GB 1571</subfield>
      <subfield code="2">rvk</subfield>
    </datafield>
    <datafield tag="084" ind1=" " ind2=" ">
      <subfield code="a">GC 8305</subfield>
      <subfield code="2">rvk</subfield>
    </datafield>
    <datafield tag="245" ind1="0" ind2="0">
      <subfield code="a">&lt;&lt;"Das&gt;&gt; sch&#246;nste deutsche Wort"</subfield>
      <subfield code="b">eine Auswahl der sch&#246;nsten Liebeserkl&#228;rungen an die deutsche Sprache - zusammengestellt aus dem Einsendungen zum internationalen Wettbewerb "Das sch&#246;nste deutsche Wort"</subfield>
      <subfield code="c">hrsg. von Jutta Limbach</subfield>
    </datafield>
    <datafield tag="264" ind1=" " ind2="1">
      <subfield code="a">Ismaning</subfield>
      <subfield code="b">M. Hueber</subfield>
      <subfield code="c">2005</subfield>
    </datafield>
    <datafield tag="300" ind1=" " ind2=" ">
      <subfield code="a">155 S.</subfield>
      <subfield code="b">Ill.</subfield>
      <subfield code="c">26 cm</subfield>
    </datafield>
    <datafield tag="336" ind1=" " ind2=" ">
      <subfield code="b">txt</subfield>
      <subfield code="2">rdacontent</subfield>
    </datafield>
    <datafield tag="337" ind1=" " ind2=" ">
      <subfield code="b">n</subfield>
      <subfield code="2">rdamedia</subfield>
    </datafield>
    <datafield tag="338" ind1=" " ind2=" ">
      <subfield code="b">nc</subfield>
      <subfield code="2">rdacarrier</subfield>
    </datafield>
    <datafield tag="650" ind1=" " ind2="7">
      <subfield code="a">Deutsche Sprache</subfield>
      <subfield code="x">Wortschatz</subfield>
      <subfield code="x">Einzelne W&#246;rter</subfield>
      <subfield code="2">idsbb</subfield>
    </datafield>
    <datafield tag="650" ind1=" " ind2="7">
      <subfield code="a">Deutsch</subfield>
      <subfield code="0">(DE-588)4113292-0</subfield>
      <subfield code="2">gnd</subfield>
    </datafield>
    <datafield tag="650" ind1=" " ind2="7">
      <subfield code="a">Wort</subfield>
      <subfield code="0">(DE-588)4066951-8</subfield>
      <subfield code="2">gnd</subfield>
    </datafield>
    <datafield tag="650" ind1=" " ind2="7">
      <subfield code="a">Deutsch</subfield>
      <subfield code="2">idszbz</subfield>
    </datafield>
    <datafield tag="650" ind1=" " ind2="7">
      <subfield code="a">Modewort</subfield>
      <subfield code="2">idszbz</subfield>
    </datafield>
    <datafield tag="650" ind1=" " ind2="7">
      <subfield code="a">Wortschatz</subfield>
      <subfield code="2">idszbz</subfield>
    </datafield>
    <datafield tag="650" ind1=" " ind2="0">
      <subfield code="a">German language</subfield>
      <subfield code="x">Terms and phrases</subfield>
    </datafield>
    <datafield tag="650" ind1=" " ind2="0">
      <subfield code="a">German language</subfield>
      <subfield code="x">Vocabulary</subfield>
    </datafield>
    <datafield tag="650" ind1=" " ind2="7">
      <subfield code="a">DEUTSCH (SPRACHWISSENSCHAFT)</subfield>
      <subfield code="9">ger</subfield>
      <subfield code="0">(ETHUDK)000036290</subfield>
      <subfield code="2">ethudk</subfield>
    </datafield>
    <datafield tag="650" ind1=" " ind2="7">
      <subfield code="a">LEXIKOLOGIE + WORTSCHATZLEHRE (SPRACHWISSENSCHAFT)</subfield>
      <subfield code="9">ger</subfield>
      <subfield code="0">(ETHUDK)000036202</subfield>
      <subfield code="2">ethudk</subfield>
    </datafield>
    <datafield tag="655" ind1=" " ind2="7">
      <subfield code="a">Umfrage</subfield>
      <subfield code="2">gnd-content</subfield>
    </datafield>
    <datafield tag="655" ind1=" " ind2="7">
      <subfield code="a">Aufsatzsammlung</subfield>
      <subfield code="2">idszbz</subfield>
    </datafield>
    <datafield tag="700" ind1="1" ind2=" ">
      <subfield code="a">Limbach, Jutta</subfield>
      <subfield code="d">1934-2016</subfield>
      <subfield code="0">(DE-588)115501258</subfield>
      <subfield code="6">880-02</subfield>
    </datafield>
    <datafield tag="880" ind1="1" ind2=" ">
      <subfield code="6">700-02</subfield>
      <subfield code="a">Limbach, Jutta</subfield>
      <subfield code="d">1934-....</subfield>
      <subfield code="0">(IDREF)059089741</subfield>
    </datafield>
    <datafield tag="900" ind1=" " ind2=" ">
      <subfield code="a">REROnoselfmerge</subfield>
    </datafield>
    <datafield tag="900" ind1=" " ind2=" ">
      <subfield code="a">IDSZ2zbzmon200509l</subfield>
      <subfield code="c">IDSZ2gerb</subfield>
      <subfield code="d">IDSZ2zbzswk200509b</subfield>
      <subfield code="e">IDSZ2groc</subfield>
    </datafield>
    <datafield tag="957" ind1=" " ind2="7">
      <subfield code="a">Deutsch</subfield>
      <subfield code="0">(DE-588)4113292-0</subfield>
      <subfield code="2">gnd</subfield>
      <subfield code="7">650</subfield>
      <subfield code="9">LOCAL</subfield>
    </datafield>
    <datafield tag="957" ind1=" " ind2="7">
      <subfield code="a">Gegenwartssprache</subfield>
      <subfield code="0">(DE-588)4139774-5</subfield>
      <subfield code="2">gnd</subfield>
      <subfield code="7">650</subfield>
      <subfield code="9">LOCAL</subfield>
    </datafield>
    <datafield tag="957" ind1=" " ind2="7">
      <subfield code="a">Wort</subfield>
      <subfield code="0">(DE-588)4066951-8</subfield>
      <subfield code="2">gnd</subfield>
      <subfield code="7">650</subfield>
      <subfield code="9">LOCAL</subfield>
    </datafield>
    <datafield tag="957" ind1=" " ind2="7">
      <subfield code="a">Umfrage</subfield>
      <subfield code="2">gnd-content</subfield>
      <subfield code="7">655</subfield>
      <subfield code="9">LOCAL</subfield>
    </datafield>
    <datafield tag="958" ind1="1" ind2=" ">
      <subfield code="a">Limbach, Jutta</subfield>
      <subfield code="7">700</subfield>
      <subfield code="9">LOCAL</subfield>
    </datafield>
    <datafield tag="960" ind1=" " ind2=" ">
      <subfield code="a">Deutsch</subfield>
      <subfield code="2">abn-YS</subfield>
      <subfield code="9">LOCAL</subfield>
    </datafield>
    <datafield tag="960" ind1=" " ind2=" ">
      <subfield code="a">Semantik</subfield>
      <subfield code="2">abn-YS</subfield>
      <subfield code="9">LOCAL</subfield>
    </datafield>
    <datafield tag="960" ind1=" " ind2=" ">
      <subfield code="a">W&#246;rterbuch</subfield>
      <subfield code="2">abn-YS</subfield>
      <subfield code="9">LOCAL</subfield>
    </datafield>
  </record>