
  <record>
    <leader>03331nam a2200733 c 4500</leader>
    <controlfield tag="001">990001300550108281</controlfield>
    <controlfield tag="005">20230425002453.0</controlfield>
    <controlfield tag="008">201012s2004    gw ||||| |||| 00| ||ger d</controlfield>
    <datafield tag="015" ind1=" " ind2=" ">
      <subfield code="a">GFR-DNB-04,N21,1989</subfield>
    </datafield>
    <datafield tag="020" ind1=" " ind2=" ">
      <subfield code="a">3492046088</subfield>
      <subfield code="c">Gb. : EUR AT 20.50, EUR 19.90, CHF 33.60</subfield>
    </datafield>
    <datafield tag="024" ind1="7" ind2=" ">
      <subfield code="a">http://catalogue.bnf.fr/ark:/12148/cb39287921r</subfield>
      <subfield code="2">uri</subfield>
    </datafield>
    <datafield tag="035" ind1=" " ind2=" ">
      <subfield code="a">(swissbib)237409410-41slsp_network</subfield>
    </datafield>
    <datafield tag="035" ind1=" " ind2=" ">
      <subfield code="a">237409410</subfield>
      <subfield code="9">ExL</subfield>
    </datafield>
    <datafield tag="035" ind1=" " ind2=" ">
      <subfield code="a">(RERO)R003719791-41slsp</subfield>
    </datafield>
    <datafield tag="035" ind1=" " ind2=" ">
      <subfield code="a">(IDSLU)000356072ILU01</subfield>
    </datafield>
    <datafield tag="035" ind1=" " ind2=" ">
      <subfield code="a">(IDSBB)003383195DSV01</subfield>
    </datafield>
    <datafield tag="035" ind1=" " ind2=" ">
      <subfield code="a">(IDSSG)000310722HSB01</subfield>
    </datafield>
    <datafield tag="035" ind1=" " ind2=" ">
      <subfield code="a">(DDB)970513887</subfield>
    </datafield>
    <datafield tag="035" ind1=" " ind2=" ">
      <subfield code="a">(CH-ZuSLS)991009638329705501</subfield>
    </datafield>
    <datafield tag="035" ind1=" " ind2=" ">
      <subfield code="a">(EXLNZ-41SLSP_NETWORK)991009638329705501</subfield>
    </datafield>
    <datafield tag="035" ind1=" " ind2=" ">
      <subfield code="a">(41SLSP_ABN)990001300550108281</subfield>
    </datafield>
    <datafield tag="040" ind1=" " ind2=" ">
      <subfield code="a">RERO labcud</subfield>
      <subfield code="d">CH-ZuSLS</subfield>
    </datafield>
    <datafield tag="041" ind1="0" ind2=" ">
      <subfield code="a">ger</subfield>
      <subfield code="a">ita</subfield>
    </datafield>
    <datafield tag="072" ind1=" " ind2="7">
      <subfield code="a">al</subfield>
      <subfield code="2">rero</subfield>
    </datafield>
    <datafield tag="072" ind1=" " ind2="7">
      <subfield code="a">592</subfield>
      <subfield code="2">IDS LU</subfield>
    </datafield>
    <datafield tag="072" ind1=" " ind2="7">
      <subfield code="a">480</subfield>
      <subfield code="2">IDS LU</subfield>
    </datafield>
    <datafield tag="072" ind1=" " ind2="7">
      <subfield code="a">nd</subfield>
      <subfield code="2">SzZuIDS BS/BE</subfield>
    </datafield>
    <datafield tag="072" ind1=" " ind2="7">
      <subfield code="a">mu</subfield>
      <subfield code="2">SzZuIDS BS/BE</subfield>
    </datafield>
    <datafield tag="082" ind1="1" ind2="4">
      <subfield code="a">780</subfield>
      <subfield code="2">15</subfield>
    </datafield>
    <datafield tag="082" ind1="1" ind2="4">
      <subfield code="a">830</subfield>
      <subfield code="2">15</subfield>
    </datafield>
    <datafield tag="084" ind1=" " ind2=" ">
      <subfield code="a">GN 2947</subfield>
      <subfield code="2">rvk</subfield>
    </datafield>
    <datafield tag="084" ind1=" " ind2=" ">
      <subfield code="a">LP 92200</subfield>
      <subfield code="2">rvk</subfield>
    </datafield>
    <datafield tag="100" ind1="1" ind2=" ">
      <subfield code="a">Bachmann, Ingeborg</subfield>
      <subfield code="d">1926-1973</subfield>
      <subfield code="0">(DE-588)118505602</subfield>
      <subfield code="6">880-01</subfield>
    </datafield>
    <datafield tag="880" ind1="1" ind2=" ">
      <subfield code="6">100-01</subfield>
      <subfield code="a">Bachmann, Ingeborg</subfield>
      <subfield code="d">1926-1973</subfield>
      <subfield code="0">(IDREF)026699869</subfield>
      <subfield code="4">cre</subfield>
    </datafield>
    <datafield tag="245" ind1="1" ind2="0">
      <subfield code="a">Briefe einer Freundschaft</subfield>
      <subfield code="c">Ingeborg Bachmann, Hans Werner Henze ; hrsg. von Hans H&#246;ller ; mit einem Vorwort von Hans Werner Henze</subfield>
    </datafield>
    <datafield tag="264" ind1=" " ind2="1">
      <subfield code="a">M&#252;nchen</subfield>
      <subfield code="a">Z&#252;rich</subfield>
      <subfield code="b">Piper</subfield>
      <subfield code="c">[2004]</subfield>
    </datafield>
    <datafield tag="264" ind1=" " ind2="4">
      <subfield code="c">&#169; 2004</subfield>
    </datafield>
    <datafield tag="300" ind1=" " ind2=" ">
      <subfield code="a">537 p.</subfield>
      <subfield code="b">fac-sim.</subfield>
      <subfield code="c">21 cm</subfield>
    </datafield>
    <datafield tag="336" ind1=" " ind2=" ">
      <subfield code="b">txt</subfield>
      <subfield code="2">rdacontent</subfield>
    </datafield>
    <datafield tag="337" ind1=" " ind2=" ">
      <subfield code="b">n</subfield>
      <subfield code="2">rdamedia</subfield>
    </datafield>
    <datafield tag="338" ind1=" " ind2=" ">
      <subfield code="b">nc</subfield>
      <subfield code="2">rdacarrier</subfield>
    </datafield>
    <datafield tag="600" ind1="1" ind2="7">
      <subfield code="a">Bachmann, Ingeborg</subfield>
      <subfield code="d">1926-1973</subfield>
      <subfield code="0">(IDREF)026699869</subfield>
      <subfield code="2">idref</subfield>
    </datafield>
    <datafield tag="600" ind1="1" ind2="7">
      <subfield code="a">Henze, Hans Werner</subfield>
      <subfield code="d">1926-2012</subfield>
      <subfield code="0">(IDREF)030262747</subfield>
      <subfield code="2">idref</subfield>
    </datafield>
    <datafield tag="600" ind1="1" ind2="7">
      <subfield code="a">Bachmann, Ingeborg</subfield>
      <subfield code="d">1926-1973</subfield>
      <subfield code="0">(DE-588)118505602</subfield>
      <subfield code="2">gnd</subfield>
    </datafield>
    <datafield tag="600" ind1="1" ind2="7">
      <subfield code="a">Henze, Hans Werner</subfield>
      <subfield code="d">1926-2012</subfield>
      <subfield code="0">(DE-588)118549383</subfield>
      <subfield code="2">gnd</subfield>
    </datafield>
    <datafield tag="655" ind1=" " ind2="7">
      <subfield code="a">Correspondance</subfield>
      <subfield code="0">(IDREF)027490122</subfield>
      <subfield code="2">idref</subfield>
    </datafield>
    <datafield tag="655" ind1=" " ind2="7">
      <subfield code="a">Briefsammlung</subfield>
      <subfield code="2">gnd-content</subfield>
    </datafield>
    <datafield tag="690" ind1=" " ind2=" ">
      <subfield code="a">Register; Freundschaft; Bachmann; Faksimile; Kommentar; Wechsel</subfield>
      <subfield code="2">idssg-J</subfield>
    </datafield>
    <datafield tag="690" ind1=" " ind2=" ">
      <subfield code="a">Briefstelle; Personenregister; Werkregister; Briefwechsel</subfield>
      <subfield code="2">idssg-J</subfield>
    </datafield>
    <datafield tag="690" ind1=" " ind2=" ">
      <subfield code="a">franz&#246;sischer Brief; englischer Brief; englische Briefstelle; undatierbarer Brief; werkgeschichtliche Phase</subfield>
      <subfield code="2">idssg-J</subfield>
    </datafield>
    <datafield tag="690" ind1=" " ind2=" ">
      <subfield code="a">Bayern C4EUGE; Schweiz C4EXSI; Italien C4EUIT; Frankreich C4EUFR</subfield>
      <subfield code="2">idssg-J</subfield>
    </datafield>
    <datafield tag="690" ind1=" " ind2=" ">
      <subfield code="a">Brief Undatierbare Briefe; Faksimile Piper M&#252;nchen Z&#252;rich; Freundschaft Nachwort Kommentar; Hans H&#246;ller; Hans Werner Henze; Ingeborg Bachmann Hans Werner Henze Briefe</subfield>
      <subfield code="2">idssg-J</subfield>
    </datafield>
    <datafield tag="700" ind1="1" ind2=" ">
      <subfield code="a">Henze, Hans Werner</subfield>
      <subfield code="d">1926-2012</subfield>
      <subfield code="0">(DE-588)118549383</subfield>
      <subfield code="6">880-02</subfield>
    </datafield>
    <datafield tag="880" ind1="1" ind2=" ">
      <subfield code="6">700-02</subfield>
      <subfield code="a">Henze, Hans Werner</subfield>
      <subfield code="d">1926-2012</subfield>
      <subfield code="0">(IDREF)030262747</subfield>
    </datafield>
    <datafield tag="700" ind1="1" ind2=" ">
      <subfield code="a">H&#246;ller, Hans</subfield>
      <subfield code="d">1947-</subfield>
      <subfield code="0">(DE-588)120285843</subfield>
      <subfield code="6">880-03</subfield>
    </datafield>
    <datafield tag="880" ind1="1" ind2=" ">
      <subfield code="6">700-03</subfield>
      <subfield code="a">H&#246;ller, Hans</subfield>
      <subfield code="d">1947-....</subfield>
      <subfield code="0">(IDREF)028900936</subfield>
    </datafield>
    <datafield tag="856" ind1="4" ind2=" ">
      <subfield code="u">https://unisg.link/hm00112462</subfield>
      <subfield code="z">Inhaltsverzeichnis</subfield>
    </datafield>
    <datafield tag="900" ind1=" " ind2=" ">
      <subfield code="a">REROnoselfmerge</subfield>
    </datafield>
    <datafield tag="949" ind1=" " ind2=" ">
      <subfield code="a">https://unisg.link/hm00112462</subfield>
    </datafield>
    <datafield tag="957" ind1="1" ind2="7">
      <subfield code="a">Bachmann, Ingeborg</subfield>
      <subfield code="d">1926-1973</subfield>
      <subfield code="0">(DE-588)118505602</subfield>
      <subfield code="2">gnd</subfield>
      <subfield code="7">600</subfield>
      <subfield code="9">LOCAL</subfield>
    </datafield>
    <datafield tag="957" ind1="1" ind2="7">
      <subfield code="a">Henze, Hans Werner</subfield>
      <subfield code="d">1926-2012</subfield>
      <subfield code="0">(DE-588)118549383</subfield>
      <subfield code="2">gnd</subfield>
      <subfield code="7">600</subfield>
      <subfield code="9">LOCAL</subfield>
    </datafield>
    <datafield tag="958" ind1="1" ind2=" ">
      <subfield code="a">Bachmann, Ingeborg</subfield>
      <subfield code="d">1926-1973</subfield>
      <subfield code="0">(DE-588)118505602</subfield>
      <subfield code="e">Verfasser</subfield>
      <subfield code="4">aut</subfield>
      <subfield code="7">100</subfield>
      <subfield code="9">LOCAL</subfield>
    </datafield>
    <datafield tag="958" ind1="1" ind2=" ">
      <subfield code="a">H&#246;ller, Hans</subfield>
      <subfield code="d">1947-</subfield>
      <subfield code="0">(DE-588)120285843</subfield>
      <subfield code="7">700</subfield>
      <subfield code="9">LOCAL</subfield>
    </datafield>
    <datafield tag="960" ind1=" " ind2=" ">
      <subfield code="a">Bachmann, Ingeborg</subfield>
      <subfield code="2">abn-YA</subfield>
      <subfield code="9">LOCAL</subfield>
    </datafield>
    <datafield tag="960" ind1=" " ind2=" ">
      <subfield code="a">Briefsammlung</subfield>
      <subfield code="2">abn-YA</subfield>
      <subfield code="9">LOCAL</subfield>
    </datafield>
    <datafield tag="960" ind1=" " ind2=" ">
      <subfield code="a">Henze, Hans Werner</subfield>
      <subfield code="2">abn-YA</subfield>
      <subfield code="9">LOCAL</subfield>
    </datafield>
  </record>