
  <record>
    <leader>03192nam a2200577 c 4500</leader>
    <controlfield tag="001">990001300580108281</controlfield>
    <controlfield tag="005">20230425000006.0</controlfield>
    <controlfield tag="008">201012s1982    sz            00| | ger  </controlfield>
    <datafield tag="020" ind1=" " ind2=" ">
      <subfield code="a">372960158X</subfield>
    </datafield>
    <datafield tag="035" ind1=" " ind2=" ">
      <subfield code="a">(swissbib)234266082-41slsp_network</subfield>
    </datafield>
    <datafield tag="035" ind1=" " ind2=" ">
      <subfield code="a">234266082</subfield>
      <subfield code="9">ExL</subfield>
    </datafield>
    <datafield tag="035" ind1=" " ind2=" ">
      <subfield code="a">(NEBIS)004563946EBI01</subfield>
    </datafield>
    <datafield tag="035" ind1=" " ind2=" ">
      <subfield code="a">(IDSBB)000023506DSV01</subfield>
    </datafield>
    <datafield tag="035" ind1=" " ind2=" ">
      <subfield code="a">(IDSLU)000677433ILU01</subfield>
    </datafield>
    <datafield tag="035" ind1=" " ind2=" ">
      <subfield code="a">(CH-ZuSLS)991091131189705501</subfield>
    </datafield>
    <datafield tag="035" ind1=" " ind2=" ">
      <subfield code="a">(EXLNZ-41SLSP_NETWORK)991091131189705501</subfield>
    </datafield>
    <datafield tag="035" ind1=" " ind2=" ">
      <subfield code="a">(41SLSP_ABN)990001300580108281</subfield>
    </datafield>
    <datafield tag="040" ind1=" " ind2=" ">
      <subfield code="a">SzZuIDS NEBIS ZBZ</subfield>
      <subfield code="d">CH-ZuSLS</subfield>
    </datafield>
    <datafield tag="041" ind1="0" ind2=" ">
      <subfield code="a">ger</subfield>
    </datafield>
    <datafield tag="072" ind1=" " ind2="7">
      <subfield code="a">nd</subfield>
      <subfield code="2">SzZuIDS BS/BE</subfield>
    </datafield>
    <datafield tag="082" ind1="0" ind2="0">
      <subfield code="a">949.4/073/0924</subfield>
      <subfield code="a">B</subfield>
      <subfield code="2">19</subfield>
    </datafield>
    <datafield tag="082" ind1="1" ind2="4">
      <subfield code="a">830</subfield>
      <subfield code="2">15</subfield>
    </datafield>
    <datafield tag="084" ind1=" " ind2=" ">
      <subfield code="a">DZ 1000</subfield>
      <subfield code="2">rvk</subfield>
    </datafield>
    <datafield tag="100" ind1="1" ind2=" ">
      <subfield code="a">Wenger, Rosalia</subfield>
      <subfield code="d">1906-1989</subfield>
      <subfield code="0">(DE-588)118631268</subfield>
    </datafield>
    <datafield tag="245" ind1="1" ind2="0">
      <subfield code="a">Warum hast du dich nicht gewehrt</subfield>
      <subfield code="b">Aufzeichnungen</subfield>
      <subfield code="c">Rosalia Wenger</subfield>
    </datafield>
    <datafield tag="264" ind1=" " ind2="1">
      <subfield code="a">Bern</subfield>
      <subfield code="b">Zytglogge</subfield>
      <subfield code="c">1982</subfield>
    </datafield>
    <datafield tag="300" ind1=" " ind2=" ">
      <subfield code="a">191 S.</subfield>
      <subfield code="c">21 cm</subfield>
    </datafield>
    <datafield tag="336" ind1=" " ind2=" ">
      <subfield code="b">txt</subfield>
      <subfield code="2">rdacontent</subfield>
    </datafield>
    <datafield tag="337" ind1=" " ind2=" ">
      <subfield code="b">n</subfield>
      <subfield code="2">rdamedia</subfield>
    </datafield>
    <datafield tag="338" ind1=" " ind2=" ">
      <subfield code="b">nc</subfield>
      <subfield code="2">rdacarrier</subfield>
    </datafield>
    <datafield tag="520" ind1=" " ind2=" ">
      <subfield code="a">Kurze Inhaltsangabe: Aus dem umfangreichen Manuskript von "Rosalia G." von Rosalia Wenger musste vieles gestrichen und auf sp&#228;ter verschoben werden. Die Autorin las bei Lesungen jeweils verschiedene dieser im Buch nicht ber&#252;cksichtigten Szenen vor und l&#246;ste so beim Publikum ein sehr postitives Echo aus. Hier liegen nun einige dieser etwas detaillierteren Lebenserinnerungen als Buch vor.</subfield>
      <subfield code="5">IDSBB/01.07.1996/beufbb/mw</subfield>
    </datafield>
    <datafield tag="520" ind1=" " ind2=" ">
      <subfield code="a">Rosalia Wenger schildert uns die Charaktere ihrer Mitmenschen genauer als im ersten Buch. Sie werden uns n&#228;her gebracht und erscheinen lebendiger. Auch auf das Alltagsleben auf dem Bauernhof in der Lischern geht die Autorin st&#228;rker ein. Sie erz&#228;hlt mehr von ihren Beziehungen zu Verwandten und Bekannten. Die Benachteiligung des Verdingkindes und das harte Schicksal der Frau werden in diesem zweiten Buch noch einmal verdeutlicht. Anhand von eingeschobenen Leserreaktionen auf Rosalia Wengers erstes Buch und anhand von heutigen Tagebuchausz&#252;gen kann man zus&#228;tzlich etwas &#252;ber ihr jetziges Leben erfahren.</subfield>
      <subfield code="5">IDSBB/01.07.1996/beufbb/mw</subfield>
    </datafield>
    <datafield tag="600" ind1="1" ind2="0">
      <subfield code="a">Wenger, Rosalia</subfield>
      <subfield code="d">1906-</subfield>
    </datafield>
    <datafield tag="600" ind1="1" ind2="7">
      <subfield code="a">Wenger, Rosalia</subfield>
      <subfield code="d">1906-1989</subfield>
      <subfield code="0">(DE-588)118631268</subfield>
      <subfield code="2">gnd</subfield>
    </datafield>
    <datafield tag="650" ind1=" " ind2="0">
      <subfield code="a">Household employees</subfield>
      <subfield code="z">Switzerland</subfield>
      <subfield code="v">Biography</subfield>
    </datafield>
    <datafield tag="650" ind1=" " ind2="7">
      <subfield code="a">ARBEITERINNEN</subfield>
      <subfield code="9">ger</subfield>
      <subfield code="0">(ETHUDK)000010422</subfield>
      <subfield code="2">ethudk</subfield>
    </datafield>
    <datafield tag="650" ind1=" " ind2="7">
      <subfield code="a">AUTOBIOGRAPHIEN + SELBSTZEUGNISSE</subfield>
      <subfield code="9">ger</subfield>
      <subfield code="0">(ETHUDK)000036790</subfield>
      <subfield code="2">ethudk</subfield>
    </datafield>
    <datafield tag="650" ind1=" " ind2="7">
      <subfield code="a">VERDINGKINDER (SOZIALWESEN)</subfield>
      <subfield code="9">ger</subfield>
      <subfield code="0">(ETHUDK)000066092</subfield>
      <subfield code="2">ethudk</subfield>
    </datafield>
    <datafield tag="650" ind1=" " ind2="7">
      <subfield code="a">Verdingkind</subfield>
      <subfield code="z">Schweiz</subfield>
      <subfield code="v">Memoiren</subfield>
      <subfield code="2">idsbb</subfield>
    </datafield>
    <datafield tag="651" ind1=" " ind2="0">
      <subfield code="a">Switzerland</subfield>
      <subfield code="v">Biography</subfield>
    </datafield>
    <datafield tag="690" ind1=" " ind2=" ">
      <subfield code="a">Alltagsgeschichte / Schweiz</subfield>
      <subfield code="2">bsb-G8</subfield>
    </datafield>
    <datafield tag="690" ind1=" " ind2=" ">
      <subfield code="a">Wenger, Rosalia (1906-1989) / Autobiographie</subfield>
      <subfield code="2">bsb-G8</subfield>
    </datafield>
    <datafield tag="690" ind1=" " ind2=" ">
      <subfield code="a">Memoiren. 20. Jh. Schweiz</subfield>
      <subfield code="2">rzs-L1</subfield>
    </datafield>
    <datafield tag="856" ind1="4" ind2=" ">
      <subfield code="3">Titelblatt und Inhaltsverzeichnis</subfield>
      <subfield code="u">https://toc.library.ethz.ch/objects/pdf/z01_3-7296-0158-X_01.pdf</subfield>
      <subfield code="q">pdf</subfield>
    </datafield>
    <datafield tag="900" ind1=" " ind2=" ">
      <subfield code="a">IDSZ2zbzmon200308e</subfield>
      <subfield code="c">IDSZ2gapa</subfield>
    </datafield>
    <datafield tag="900" ind1=" " ind2=" ">
      <subfield code="a">IDSE5E19ANH-2009</subfield>
    </datafield>
    <datafield tag="949" ind1=" " ind2=" ">
      <subfield code="a">https://toc.library.ethz.ch/objects/pdf/z01_3-7296-0158-X_01.pdf</subfield>
    </datafield>
    <datafield tag="958" ind1="1" ind2=" ">
      <subfield code="a">Wenger, Rosalia</subfield>
      <subfield code="7">100</subfield>
      <subfield code="9">LOCAL</subfield>
    </datafield>
    <datafield tag="960" ind1=" " ind2=" ">
      <subfield code="a">Autobiographie</subfield>
      <subfield code="2">abn-YA</subfield>
      <subfield code="9">LOCAL</subfield>
    </datafield>
    <datafield tag="960" ind1=" " ind2=" ">
      <subfield code="a">20. Jh.</subfield>
      <subfield code="2">abn-YA</subfield>
      <subfield code="9">LOCAL</subfield>
    </datafield>
    <datafield tag="960" ind1=" " ind2=" ">
      <subfield code="a">Frau</subfield>
      <subfield code="2">abn-YA</subfield>
      <subfield code="9">LOCAL</subfield>
    </datafield>
    <datafield tag="960" ind1=" " ind2=" ">
      <subfield code="a">Wenger, Rosalia</subfield>
      <subfield code="2">abn-YA</subfield>
      <subfield code="9">LOCAL</subfield>
    </datafield>
    <datafield tag="960" ind1=" " ind2=" ">
      <subfield code="a">Schweiz</subfield>
      <subfield code="2">abn-YA</subfield>
      <subfield code="9">LOCAL</subfield>
    </datafield>
  </record>