
  <record>
    <leader>02855nam a2200721 c 4500</leader>
    <controlfield tag="001">990001300610108281</controlfield>
    <controlfield tag="005">20230516184821.0</controlfield>
    <controlfield tag="008">201011s2004    sz ||||| |||| 00| ||ger d</controlfield>
    <datafield tag="035" ind1=" " ind2=" ">
      <subfield code="a">(swissbib)228999421-41slsp_network</subfield>
    </datafield>
    <datafield tag="035" ind1=" " ind2=" ">
      <subfield code="a">228999421</subfield>
      <subfield code="9">ExL</subfield>
    </datafield>
    <datafield tag="035" ind1=" " ind2=" ">
      <subfield code="a">(RERO)R003750821-41slsp</subfield>
    </datafield>
    <datafield tag="035" ind1=" " ind2=" ">
      <subfield code="a">(IDSLU)000403929ILU01</subfield>
    </datafield>
    <datafield tag="035" ind1=" " ind2=" ">
      <subfield code="a">(NEBIS)004824483EBI01</subfield>
    </datafield>
    <datafield tag="035" ind1=" " ind2=" ">
      <subfield code="a">(IDSBB)003437356DSV01</subfield>
    </datafield>
    <datafield tag="035" ind1=" " ind2=" ">
      <subfield code="a">(CH-ZuSLS)991104194189705501</subfield>
    </datafield>
    <datafield tag="035" ind1=" " ind2=" ">
      <subfield code="a">(EXLNZ-41SLSP_NETWORK)991104194189705501</subfield>
    </datafield>
    <datafield tag="035" ind1=" " ind2=" ">
      <subfield code="a">(41SLSP_ABN)990001300610108281</subfield>
    </datafield>
    <datafield tag="040" ind1=" " ind2=" ">
      <subfield code="a">RERO laacv-</subfield>
      <subfield code="d">CH-ZuSLS</subfield>
    </datafield>
    <datafield tag="044" ind1=" " ind2=" ">
      <subfield code="a">sz</subfield>
      <subfield code="c">ch-zh</subfield>
    </datafield>
    <datafield tag="072" ind1=" " ind2="7">
      <subfield code="a">ht</subfield>
      <subfield code="2">rero</subfield>
    </datafield>
    <datafield tag="072" ind1=" " ind2="7">
      <subfield code="a">660</subfield>
      <subfield code="2">IDS LU</subfield>
    </datafield>
    <datafield tag="072" ind1=" " ind2="7">
      <subfield code="a">210</subfield>
      <subfield code="2">IDS LU</subfield>
    </datafield>
    <datafield tag="072" ind1=" " ind2="7">
      <subfield code="a">kn</subfield>
      <subfield code="2">SzZuIDS BS/BE</subfield>
    </datafield>
    <datafield tag="072" ind1=" " ind2="7">
      <subfield code="a">sg</subfield>
      <subfield code="2">SzZuIDS BS/BE</subfield>
    </datafield>
    <datafield tag="082" ind1="1" ind2="4">
      <subfield code="a">949.4</subfield>
      <subfield code="2">15</subfield>
    </datafield>
    <datafield tag="082" ind1="1" ind2="4">
      <subfield code="a">900</subfield>
      <subfield code="2">15</subfield>
    </datafield>
    <datafield tag="084" ind1=" " ind2=" ">
      <subfield code="a">NK 7015</subfield>
      <subfield code="2">rvk</subfield>
    </datafield>
    <datafield tag="100" ind1="1" ind2=" ">
      <subfield code="a">Kindlimann, Adrian</subfield>
      <subfield code="0">(RERO)A011138261</subfield>
      <subfield code="4">cre</subfield>
    </datafield>
    <datafield tag="245" ind1="1" ind2="0">
      <subfield code="a">Schweizer im Spanischen B&#252;rgerkrieg</subfield>
      <subfield code="c">Verfasser dieser Ausg.: Adrian Kindlimann ; Bearb.: Robert-Peter Eyer ; verantwortlicher Hrsg.:Hans Rudolf Fuhrer</subfield>
    </datafield>
    <datafield tag="264" ind1=" " ind2="1">
      <subfield code="a">Au</subfield>
      <subfield code="b">MILAK/ETHZ</subfield>
      <subfield code="c">[2004]</subfield>
    </datafield>
    <datafield tag="264" ind1=" " ind2="4">
      <subfield code="c">&#169; 2004</subfield>
    </datafield>
    <datafield tag="300" ind1=" " ind2=" ">
      <subfield code="a">64 S.</subfield>
      <subfield code="b">Ill.</subfield>
      <subfield code="c">30 cm</subfield>
    </datafield>
    <datafield tag="336" ind1=" " ind2=" ">
      <subfield code="b">txt</subfield>
      <subfield code="2">rdacontent</subfield>
    </datafield>
    <datafield tag="337" ind1=" " ind2=" ">
      <subfield code="b">n</subfield>
      <subfield code="2">rdamedia</subfield>
    </datafield>
    <datafield tag="338" ind1=" " ind2=" ">
      <subfield code="b">nc</subfield>
      <subfield code="2">rdacarrier</subfield>
    </datafield>
    <datafield tag="490" ind1="1" ind2=" ">
      <subfield code="a">Milit&#228;rgeschichte zum Anfassen</subfield>
      <subfield code="v">18</subfield>
    </datafield>
    <datafield tag="648" ind1=" " ind2="7">
      <subfield code="a">Geschichte 1936-1939</subfield>
      <subfield code="2">gnd</subfield>
    </datafield>
    <datafield tag="650" ind1=" " ind2="7">
      <subfield code="a">brigade internationale</subfield>
      <subfield code="0">(RERO)A009960780</subfield>
      <subfield code="2">rerovoc</subfield>
    </datafield>
    <datafield tag="650" ind1=" " ind2="7">
      <subfield code="a">Suisses</subfield>
      <subfield code="0">(IDREF)02752969X</subfield>
      <subfield code="2">idref</subfield>
    </datafield>
    <datafield tag="650" ind1=" " ind2="7">
      <subfield code="a">Schweizer</subfield>
      <subfield code="2">idszbz</subfield>
    </datafield>
    <datafield tag="650" ind1=" " ind2="7">
      <subfield code="a">Spanischer B&#252;rgerkrieg</subfield>
      <subfield code="2">idszbz</subfield>
    </datafield>
    <datafield tag="650" ind1=" " ind2="7">
      <subfield code="a">SCHWEIZER (V&#214;LKER, ETHNIEN)</subfield>
      <subfield code="9">ger</subfield>
      <subfield code="0">(ETHUDK)000008822</subfield>
      <subfield code="2">ethudk</subfield>
    </datafield>
    <datafield tag="650" ind1=" " ind2="7">
      <subfield code="a">SPANISCHER B&#220;RGERKRIEG (1936-1939)</subfield>
      <subfield code="9">ger</subfield>
      <subfield code="0">(ETHUDK)000011829</subfield>
      <subfield code="2">ethudk</subfield>
    </datafield>
    <datafield tag="650" ind1=" " ind2="7">
      <subfield code="a">Spanischer B&#252;rgerkrieg</subfield>
      <subfield code="g">1936-1939</subfield>
      <subfield code="0">(DE-588)4055970-1</subfield>
      <subfield code="2">gnd</subfield>
    </datafield>
    <datafield tag="650" ind1=" " ind2="7">
      <subfield code="a">Schweizer</subfield>
      <subfield code="0">(DE-588)4053886-2</subfield>
      <subfield code="2">gnd</subfield>
    </datafield>
    <datafield tag="650" ind1=" " ind2="7">
      <subfield code="a">Schweizer Soldat</subfield>
      <subfield code="0">(DE-588)4291448-6</subfield>
      <subfield code="2">gnd</subfield>
    </datafield>
    <datafield tag="650" ind1=" " ind2="7">
      <subfield code="a">B&#252;rgerkrieg</subfield>
      <subfield code="z">spanischer (1936-1939)</subfield>
      <subfield code="z">Schweiz</subfield>
      <subfield code="2">idsbb</subfield>
    </datafield>
    <datafield tag="651" ind1=" " ind2="7">
      <subfield code="a">&#192; l'&#233;tranger</subfield>
      <subfield code="0">(IDREF)028686322</subfield>
      <subfield code="2">idref</subfield>
    </datafield>
    <datafield tag="651" ind1=" " ind2="7">
      <subfield code="a">Schweiz</subfield>
      <subfield code="0">(DE-588)4053881-3</subfield>
      <subfield code="2">gnd</subfield>
    </datafield>
    <datafield tag="651" ind1=" " ind2="7">
      <subfield code="a">Spanien</subfield>
      <subfield code="0">(DE-588)4055964-6</subfield>
      <subfield code="2">gnd</subfield>
    </datafield>
    <datafield tag="655" ind1=" " ind2="7">
      <subfield code="a">Lehrmittel</subfield>
      <subfield code="2">idszbz</subfield>
    </datafield>
    <datafield tag="690" ind1=" " ind2=" ">
      <subfield code="a">Spanischer B&#252;rgerkrieg</subfield>
      <subfield code="2">rzh-UA</subfield>
    </datafield>
    <datafield tag="690" ind1=" " ind2=" ">
      <subfield code="a">Schweiz</subfield>
      <subfield code="2">rzh-UA</subfield>
    </datafield>
    <datafield tag="690" ind1=" " ind2=" ">
      <subfield code="a">Partisan</subfield>
      <subfield code="2">rzh-UA</subfield>
    </datafield>
    <datafield tag="690" ind1=" " ind2=" ">
      <subfield code="a">Freiwilliger</subfield>
      <subfield code="2">rzh-UA</subfield>
    </datafield>
    <datafield tag="651" ind1=" " ind2="7">
      <subfield code="a">Espagne</subfield>
      <subfield code="y">1936-1939 (Guerre civile)</subfield>
      <subfield code="0">(IDREF)027288951</subfield>
      <subfield code="2">idref</subfield>
    </datafield>
    <datafield tag="700" ind1="1" ind2=" ">
      <subfield code="a">Fuhrer, Hans Rudolf</subfield>
      <subfield code="d">1941-2023</subfield>
      <subfield code="0">(DE-588)121560988</subfield>
    </datafield>
    <datafield tag="700" ind1="1" ind2=" ">
      <subfield code="a">Eyer, Robert-Peter</subfield>
      <subfield code="d">1976-....</subfield>
      <subfield code="0">(IDREF)149193815</subfield>
    </datafield>
    <datafield tag="830" ind1=" " ind2="0">
      <subfield code="a">Milit&#228;rgeschichte zum Anfassen</subfield>
      <subfield code="v">18</subfield>
      <subfield code="w">(RERO)R223373060-41slsp</subfield>
    </datafield>
    <datafield tag="830" ind1=" " ind2="0">
      <subfield code="a">Milit&#228;rgeschichte zum Anfassen</subfield>
      <subfield code="v">18</subfield>
      <subfield code="w">(NEBIS)001467272EBI01</subfield>
    </datafield>
    <datafield tag="830" ind1=" " ind2="0">
      <subfield code="a">Milit&#228;rgeschichte zum Anfassen</subfield>
      <subfield code="v">18</subfield>
      <subfield code="w">(IDSLU)000170060ILU01</subfield>
    </datafield>
    <datafield tag="830" ind1=" " ind2="0">
      <subfield code="a">Milit&#228;rgeschichte zum Anfassen</subfield>
      <subfield code="v">18</subfield>
      <subfield code="w">(IDSBB)001253685DSV01</subfield>
    </datafield>
    <datafield tag="900" ind1=" " ind2=" ">
      <subfield code="a">IDSE5E28ANH-2004</subfield>
    </datafield>
    <datafield tag="900" ind1=" " ind2=" ">
      <subfield code="a">IDSZ1ZH</subfield>
    </datafield>
    <datafield tag="900" ind1=" " ind2=" ">
      <subfield code="a">IDSZ2zbzmon200501l</subfield>
      <subfield code="c">IDSZ2haff</subfield>
      <subfield code="d">IDSZ2zbzswk200501b</subfield>
      <subfield code="e">IDSZ2erbe</subfield>
    </datafield>
    <datafield tag="958" ind1="1" ind2=" ">
      <subfield code="a">Kindlimann, Adrian</subfield>
      <subfield code="7">100</subfield>
      <subfield code="9">LOCAL</subfield>
    </datafield>
    <datafield tag="958" ind1="1" ind2=" ">
      <subfield code="a">Eyer, Robert-Peter</subfield>
      <subfield code="7">700</subfield>
      <subfield code="9">LOCAL</subfield>
    </datafield>
    <datafield tag="960" ind1=" " ind2=" ">
      <subfield code="a">Krieg</subfield>
      <subfield code="2">abn-YS</subfield>
      <subfield code="9">LOCAL</subfield>
    </datafield>
    <datafield tag="960" ind1=" " ind2=" ">
      <subfield code="a">B&#252;rgerkrieg</subfield>
      <subfield code="2">abn-YS</subfield>
      <subfield code="9">LOCAL</subfield>
    </datafield>
    <datafield tag="960" ind1=" " ind2=" ">
      <subfield code="a">Spanien allgemein</subfield>
      <subfield code="2">abn-YS</subfield>
      <subfield code="9">LOCAL</subfield>
    </datafield>
    <datafield tag="960" ind1=" " ind2=" ">
      <subfield code="a">Geschichte</subfield>
      <subfield code="2">abn-YS</subfield>
      <subfield code="9">LOCAL</subfield>
    </datafield>
  </record>