
  <record>
    <leader>01853nam a2200469 c 4500</leader>
    <controlfield tag="001">990001300650108281</controlfield>
    <controlfield tag="005">20230424224432.0</controlfield>
    <controlfield tag="008">201012s2005    sz            00| | ger  </controlfield>
    <datafield tag="015" ind1=" " ind2=" ">
      <subfield code="a">GFR-DNB-04,N42,1145</subfield>
    </datafield>
    <datafield tag="016" ind1="7" ind2=" ">
      <subfield code="a">972267581</subfield>
      <subfield code="2">GyFmDB</subfield>
    </datafield>
    <datafield tag="020" ind1=" " ind2=" ">
      <subfield code="a">3727213329</subfield>
      <subfield code="c">Gb. : sfr 38.00, EUR 25.60</subfield>
    </datafield>
    <datafield tag="035" ind1=" " ind2=" ">
      <subfield code="a">(swissbib)242787509-41slsp_network</subfield>
    </datafield>
    <datafield tag="035" ind1=" " ind2=" ">
      <subfield code="a">242787509</subfield>
      <subfield code="9">ExL</subfield>
    </datafield>
    <datafield tag="035" ind1=" " ind2=" ">
      <subfield code="a">(IDSBB)003497221DSV01</subfield>
    </datafield>
    <datafield tag="035" ind1=" " ind2=" ">
      <subfield code="a">(NEBIS)008654246EBI01</subfield>
    </datafield>
    <datafield tag="035" ind1=" " ind2=" ">
      <subfield code="a">(CH-ZuSLS)991130746219705501</subfield>
    </datafield>
    <datafield tag="035" ind1=" " ind2=" ">
      <subfield code="a">(EXLNZ-41SLSP_NETWORK)991130746219705501</subfield>
    </datafield>
    <datafield tag="035" ind1=" " ind2=" ">
      <subfield code="a">(41SLSP_ABN)990001300650108281</subfield>
    </datafield>
    <datafield tag="040" ind1=" " ind2=" ">
      <subfield code="a">SzZuIDS BS/BE B445</subfield>
      <subfield code="e">kids</subfield>
      <subfield code="d">CH-ZuSLS</subfield>
    </datafield>
    <datafield tag="072" ind1=" " ind2="7">
      <subfield code="a">nd</subfield>
      <subfield code="2">SzZuIDS BS/BE</subfield>
    </datafield>
    <datafield tag="082" ind1="1" ind2="4">
      <subfield code="a">830</subfield>
      <subfield code="2">15</subfield>
    </datafield>
    <datafield tag="100" ind1="1" ind2=" ">
      <subfield code="a">Egli-Gerber, Renata</subfield>
      <subfield code="d">1947-</subfield>
      <subfield code="0">(DE-588)129562491</subfield>
    </datafield>
    <datafield tag="245" ind1="1" ind2="0">
      <subfield code="a">Elisabeth M&#252;ller</subfield>
      <subfield code="b">Leben und Werk : eine Ann&#228;herung</subfield>
      <subfield code="c">Renata Egli-Gerber</subfield>
    </datafield>
    <datafield tag="263" ind1=" " ind2=" ">
      <subfield code="a">04.10.15</subfield>
    </datafield>
    <datafield tag="264" ind1=" " ind2="1">
      <subfield code="a">Bern</subfield>
      <subfield code="b">St&#228;mpfli</subfield>
      <subfield code="c">2005</subfield>
    </datafield>
    <datafield tag="300" ind1=" " ind2=" ">
      <subfield code="a">220 S.</subfield>
      <subfield code="b">Ill.</subfield>
    </datafield>
    <datafield tag="336" ind1=" " ind2=" ">
      <subfield code="b">txt</subfield>
      <subfield code="2">rdacontent</subfield>
    </datafield>
    <datafield tag="337" ind1=" " ind2=" ">
      <subfield code="b">n</subfield>
      <subfield code="2">rdamedia</subfield>
    </datafield>
    <datafield tag="338" ind1=" " ind2=" ">
      <subfield code="b">nc</subfield>
      <subfield code="2">rdacarrier</subfield>
    </datafield>
    <datafield tag="600" ind1="1" ind2="7">
      <subfield code="a">M&#252;ller, Elisabeth</subfield>
      <subfield code="c">Schriftstellerin</subfield>
      <subfield code="v">Bibliographie</subfield>
      <subfield code="2">idsbb</subfield>
    </datafield>
    <datafield tag="600" ind1="1" ind2="7">
      <subfield code="a">M&#252;ller, Elisabeth</subfield>
      <subfield code="d">1885-1977</subfield>
      <subfield code="0">(DE-588)118584855</subfield>
      <subfield code="2">gnd</subfield>
    </datafield>
    <datafield tag="655" ind1=" " ind2="7">
      <subfield code="a">Biografie</subfield>
      <subfield code="2">gnd-content</subfield>
    </datafield>
    <datafield tag="690" ind1=" " ind2=" ">
      <subfield code="a">M&#252;ller, Elisabeth (1885-1977) / Biographie</subfield>
      <subfield code="2">bsb-G8</subfield>
    </datafield>
    <datafield tag="690" ind1=" " ind2=" ">
      <subfield code="a">Biographie, M&#252;ller, Elisabeth</subfield>
      <subfield code="2">ubs-A6</subfield>
    </datafield>
    <datafield tag="690" ind1=" " ind2=" ">
      <subfield code="a">Kinderbuch, Schweiz, M&#252;ller, Elisabeth</subfield>
      <subfield code="2">ubs-A6</subfield>
    </datafield>
    <datafield tag="690" ind1=" " ind2=" ">
      <subfield code="a">Schriftstellerinnen / Schweiz</subfield>
      <subfield code="2">bsb-G8</subfield>
    </datafield>
    <datafield tag="690" ind1=" " ind2=" ">
      <subfield code="a">P&#228;dagoginnen / Schweiz</subfield>
      <subfield code="2">bsb-G8</subfield>
    </datafield>
    <datafield tag="690" ind1=" " ind2=" ">
      <subfield code="a">M&#252;ller, Elisabeth (1885-1977), Allgemeines</subfield>
      <subfield code="2">ube-BD</subfield>
    </datafield>
    <datafield tag="690" ind1=" " ind2=" ">
      <subfield code="a">Literatur, M&#252;ller, Elisabeth, Allgemeines</subfield>
      <subfield code="2">ube-BE</subfield>
    </datafield>
    <datafield tag="691" ind1=" " ind2=" ">
      <subfield code="e">2.13.1.2 M&#252;ller, Elisabeth (1885-1977)</subfield>
      <subfield code="2">ube-GA</subfield>
    </datafield>
    <datafield tag="700" ind1="1" ind2=" ">
      <subfield code="a">M&#252;ller, Elisabeth</subfield>
      <subfield code="d">1885-1977</subfield>
      <subfield code="0">(DE-588)118584855</subfield>
    </datafield>
    <datafield tag="958" ind1="1" ind2=" ">
      <subfield code="a">Egli-Gerber, Renata</subfield>
      <subfield code="7">100</subfield>
      <subfield code="9">LOCAL</subfield>
    </datafield>
    <datafield tag="960" ind1=" " ind2=" ">
      <subfield code="a">M&#252;ller, Elisabeth</subfield>
      <subfield code="2">abn-YA</subfield>
      <subfield code="9">LOCAL</subfield>
    </datafield>
    <datafield tag="960" ind1=" " ind2=" ">
      <subfield code="a">Biographie</subfield>
      <subfield code="2">abn-YA</subfield>
      <subfield code="9">LOCAL</subfield>
    </datafield>
  </record>