
  <record>
    <leader>02999nam a2200685 c 4500</leader>
    <controlfield tag="001">990001300660108281</controlfield>
    <controlfield tag="005">20230424194551.0</controlfield>
    <controlfield tag="008">201011s2004    gw            00| | ger  </controlfield>
    <datafield tag="020" ind1=" " ind2=" ">
      <subfield code="a">3930378558</subfield>
    </datafield>
    <datafield tag="035" ind1=" " ind2=" ">
      <subfield code="a">(swissbib)220332487-41slsp_network</subfield>
    </datafield>
    <datafield tag="035" ind1=" " ind2=" ">
      <subfield code="a">220332487</subfield>
      <subfield code="9">ExL</subfield>
    </datafield>
    <datafield tag="035" ind1=" " ind2=" ">
      <subfield code="a">(NEBIS)004831968EBI01</subfield>
    </datafield>
    <datafield tag="035" ind1=" " ind2=" ">
      <subfield code="a">(IDSBB)003440941DSV01</subfield>
    </datafield>
    <datafield tag="035" ind1=" " ind2=" ">
      <subfield code="a">(IDSLU)000403228ILU01</subfield>
    </datafield>
    <datafield tag="035" ind1=" " ind2=" ">
      <subfield code="a">(CH-ZuSLS)991140267069705501</subfield>
    </datafield>
    <datafield tag="035" ind1=" " ind2=" ">
      <subfield code="a">(EXLNZ-41SLSP_NETWORK)991140267069705501</subfield>
    </datafield>
    <datafield tag="035" ind1=" " ind2=" ">
      <subfield code="a">(41SLSP_ABN)990001300660108281</subfield>
    </datafield>
    <datafield tag="040" ind1=" " ind2=" ">
      <subfield code="a">SzZuIDS NEBIS ZBZ</subfield>
      <subfield code="d">CH-ZuSLS</subfield>
    </datafield>
    <datafield tag="072" ind1=" " ind2="7">
      <subfield code="a">ap</subfield>
      <subfield code="2">SzZuIDS BS/BE</subfield>
    </datafield>
    <datafield tag="072" ind1=" " ind2="7">
      <subfield code="a">580</subfield>
      <subfield code="2">IDS LU</subfield>
    </datafield>
    <datafield tag="084" ind1=" " ind2=" ">
      <subfield code="a">EN 2630</subfield>
      <subfield code="2">rvk</subfield>
    </datafield>
    <datafield tag="084" ind1=" " ind2=" ">
      <subfield code="a">EN 2600</subfield>
      <subfield code="2">rvk</subfield>
    </datafield>
    <datafield tag="100" ind1="1" ind2=" ">
      <subfield code="a">Ma&#703;&#257;l&#299;, H&#817;&#257;lid &lt;&lt;al-&gt;&gt;</subfield>
      <subfield code="d">1956-</subfield>
      <subfield code="0">(DE-588)118181831</subfield>
    </datafield>
    <datafield tag="245" ind1="1" ind2="0">
      <subfield code="a">Lexikon arabischer Autoren des 19. und 20. Jahrhunderts</subfield>
      <subfield code="b">= Mu&#703;gam al-kutt&#257;b al-&#703;arab fi&#702;l-qarnayn at-t&#257;si&#703; &#703;a&#353;ar wa-&#702;l-&#703;i&#353;r&#299;n</subfield>
      <subfield code="c">Khalid al-Maaly, Mona Naggar</subfield>
    </datafield>
    <datafield tag="246" ind1="1" ind2="1">
      <subfield code="a">Mu&#703;gam al-kutt&#257;b al-&#703;arab fi&#702;l-qarnayn at-t&#257;si&#703; &#703;a&#353;ar wa-&#702;l-&#703;i&#353;r&#299;n</subfield>
    </datafield>
    <datafield tag="246" ind1="1" ind2="1">
      <subfield code="a">Mu&#703;&#487;am al-kutt&#257;b al-&#703;arab f&#299; &#259;l-qarnayn at-t&#257;si&#703; &#703;a&#353;ar wa-&#259;l-&#703;i&#353;r&#299;n</subfield>
    </datafield>
    <datafield tag="250" ind1=" " ind2=" ">
      <subfield code="a">Orig.-Ausg.</subfield>
    </datafield>
    <datafield tag="264" ind1=" " ind2="1">
      <subfield code="a">Heidelberg</subfield>
      <subfield code="b">Palmyra</subfield>
      <subfield code="c">2004</subfield>
    </datafield>
    <datafield tag="300" ind1=" " ind2=" ">
      <subfield code="a">321 S.</subfield>
      <subfield code="c">22 cm</subfield>
    </datafield>
    <datafield tag="336" ind1=" " ind2=" ">
      <subfield code="b">txt</subfield>
      <subfield code="2">rdacontent</subfield>
    </datafield>
    <datafield tag="337" ind1=" " ind2=" ">
      <subfield code="b">n</subfield>
      <subfield code="2">rdamedia</subfield>
    </datafield>
    <datafield tag="338" ind1=" " ind2=" ">
      <subfield code="b">nc</subfield>
      <subfield code="2">rdacarrier</subfield>
    </datafield>
    <datafield tag="648" ind1=" " ind2="7">
      <subfield code="a">Geschichte</subfield>
      <subfield code="2">gnd</subfield>
    </datafield>
    <datafield tag="650" ind1=" " ind2="7">
      <subfield code="a">Schriftsteller</subfield>
      <subfield code="2">idszbz</subfield>
    </datafield>
    <datafield tag="650" ind1=" " ind2="7">
      <subfield code="a">Araber</subfield>
      <subfield code="0">(DE-588)4002528-7</subfield>
      <subfield code="2">gnd</subfield>
    </datafield>
    <datafield tag="650" ind1=" " ind2="7">
      <subfield code="a">Arabisch</subfield>
      <subfield code="0">(DE-588)4241223-7</subfield>
      <subfield code="2">gnd</subfield>
    </datafield>
    <datafield tag="650" ind1=" " ind2="7">
      <subfield code="a">Literatur</subfield>
      <subfield code="0">(DE-588)4035964-5</subfield>
      <subfield code="2">gnd</subfield>
    </datafield>
    <datafield tag="650" ind1=" " ind2="0">
      <subfield code="a">Authors, Arab</subfield>
      <subfield code="v">Biography</subfield>
      <subfield code="v">Dictionaries</subfield>
      <subfield code="x">German</subfield>
    </datafield>
    <datafield tag="650" ind1=" " ind2="0">
      <subfield code="a">Authors, Arab</subfield>
      <subfield code="y">19th century</subfield>
      <subfield code="v">Biography</subfield>
    </datafield>
    <datafield tag="650" ind1=" " ind2="0">
      <subfield code="a">Authors, Arab</subfield>
      <subfield code="y">19th century</subfield>
      <subfield code="v">Biography</subfield>
      <subfield code="v">Dictionaries</subfield>
    </datafield>
    <datafield tag="650" ind1=" " ind2="0">
      <subfield code="a">Authors, Arab</subfield>
      <subfield code="y">20th century</subfield>
      <subfield code="v">Biography</subfield>
    </datafield>
    <datafield tag="650" ind1=" " ind2="0">
      <subfield code="a">Authors, Arab</subfield>
      <subfield code="y">20th century</subfield>
      <subfield code="v">Biography</subfield>
      <subfield code="v">Dictionaries</subfield>
    </datafield>
    <datafield tag="650" ind1=" " ind2="7">
      <subfield code="a">Schriftsteller</subfield>
      <subfield code="z">arabischer</subfield>
      <subfield code="y">Geschichte 19. Jh</subfield>
      <subfield code="v">W&#246;rterbuch</subfield>
      <subfield code="2">idsbb</subfield>
    </datafield>
    <datafield tag="650" ind1=" " ind2="7">
      <subfield code="a">Schriftsteller</subfield>
      <subfield code="z">arabischer</subfield>
      <subfield code="y">Geschichte 20. Jh</subfield>
      <subfield code="v">W&#246;rterbuch</subfield>
      <subfield code="2">idsbb</subfield>
    </datafield>
    <datafield tag="650" ind1=" " ind2="7">
      <subfield code="a">Schriftsteller</subfield>
      <subfield code="0">(DE-588)4053309-8</subfield>
      <subfield code="2">gnd</subfield>
    </datafield>
    <datafield tag="650" ind1=" " ind2="7">
      <subfield code="a">Schriftstellerin</subfield>
      <subfield code="0">(DE-588)4053311-6</subfield>
      <subfield code="2">gnd</subfield>
    </datafield>
    <datafield tag="651" ind1=" " ind2="7">
      <subfield code="a">Arabische Staaten</subfield>
      <subfield code="2">idszbz</subfield>
    </datafield>
    <datafield tag="651" ind1=" " ind2="7">
      <subfield code="a">Arabische Staaten</subfield>
      <subfield code="0">(DE-588)4068789-2</subfield>
      <subfield code="2">gnd</subfield>
    </datafield>
    <datafield tag="651" ind1=" " ind2="7">
      <subfield code="a">Arabien</subfield>
      <subfield code="0">(DE-588)4002529-9</subfield>
      <subfield code="2">gnd</subfield>
    </datafield>
    <datafield tag="655" ind1=" " ind2="7">
      <subfield code="a">Biographie</subfield>
      <subfield code="2">idszbz</subfield>
    </datafield>
    <datafield tag="655" ind1=" " ind2="7">
      <subfield code="a">Verzeichnis</subfield>
      <subfield code="2">idszbz</subfield>
    </datafield>
    <datafield tag="655" ind1=" " ind2="7">
      <subfield code="a">Biografie</subfield>
      <subfield code="2">gnd-content</subfield>
    </datafield>
    <datafield tag="700" ind1="1" ind2=" ">
      <subfield code="a">Naggar, Mona</subfield>
    </datafield>
    <datafield tag="900" ind1=" " ind2=" ">
      <subfield code="a">IDSZ2zbzmon200504f</subfield>
      <subfield code="c">IDSZ2tres</subfield>
      <subfield code="d">IDSZ2zbzswk200504b</subfield>
      <subfield code="e">IDSZ2brua</subfield>
    </datafield>
    <datafield tag="957" ind1=" " ind2="7">
      <subfield code="a">Arabisch</subfield>
      <subfield code="0">(DE-588)4241223-7</subfield>
      <subfield code="2">gnd</subfield>
      <subfield code="7">650</subfield>
      <subfield code="9">LOCAL</subfield>
    </datafield>
    <datafield tag="957" ind1=" " ind2="7">
      <subfield code="a">Biografie</subfield>
      <subfield code="0">(DE-588)4006804-3</subfield>
      <subfield code="2">gnd</subfield>
      <subfield code="7">650</subfield>
      <subfield code="9">LOCAL</subfield>
    </datafield>
    <datafield tag="957" ind1=" " ind2="7">
      <subfield code="a">Literatur</subfield>
      <subfield code="0">(DE-588)4035964-5</subfield>
      <subfield code="2">gnd</subfield>
      <subfield code="7">650</subfield>
      <subfield code="9">LOCAL</subfield>
    </datafield>
    <datafield tag="957" ind1=" " ind2="7">
      <subfield code="a">Schriftsteller</subfield>
      <subfield code="0">(DE-588)4053309-8</subfield>
      <subfield code="2">gnd</subfield>
      <subfield code="7">650</subfield>
      <subfield code="9">LOCAL</subfield>
    </datafield>
    <datafield tag="958" ind1="1" ind2=" ">
      <subfield code="a">Maaly, Khalid al-</subfield>
      <subfield code="7">100</subfield>
      <subfield code="9">LOCAL</subfield>
    </datafield>
    <datafield tag="958" ind1="1" ind2=" ">
      <subfield code="a">Naggar, Mona</subfield>
      <subfield code="7">700</subfield>
      <subfield code="9">LOCAL</subfield>
    </datafield>
    <datafield tag="960" ind1=" " ind2=" ">
      <subfield code="a">Arabische Staaten</subfield>
      <subfield code="2">abn-YA</subfield>
      <subfield code="9">LOCAL</subfield>
    </datafield>
    <datafield tag="960" ind1=" " ind2=" ">
      <subfield code="a">Biographie</subfield>
      <subfield code="2">abn-YA</subfield>
      <subfield code="9">LOCAL</subfield>
    </datafield>
  </record>