
  <record>
    <leader>09968nam a2201129 c 4500</leader>
    <controlfield tag="001">990001300680108281</controlfield>
    <controlfield tag="005">20230424173141.0</controlfield>
    <controlfield tag="008">201012s2005    gw            00| | ger  </controlfield>
    <datafield tag="015" ind1=" " ind2=" ">
      <subfield code="a">GFR-CIP-03,N03,0343</subfield>
      <subfield code="a">DNB-05,A12,0130</subfield>
    </datafield>
    <datafield tag="020" ind1=" " ind2=" ">
      <subfield code="a">3827404886</subfield>
      <subfield code="c">Pp. : EUR 50.00, sfr 80.00</subfield>
    </datafield>
    <datafield tag="035" ind1=" " ind2=" ">
      <subfield code="a">(swissbib)236989278-41slsp_network</subfield>
    </datafield>
    <datafield tag="035" ind1=" " ind2=" ">
      <subfield code="a">236989278</subfield>
      <subfield code="9">ExL</subfield>
    </datafield>
    <datafield tag="035" ind1=" " ind2=" ">
      <subfield code="a">(IDSLU)000441851ILU01</subfield>
    </datafield>
    <datafield tag="035" ind1=" " ind2=" ">
      <subfield code="a">(IDSSG)000317582HSB01</subfield>
    </datafield>
    <datafield tag="035" ind1=" " ind2=" ">
      <subfield code="a">(IDSBB)003073903DSV01</subfield>
    </datafield>
    <datafield tag="035" ind1=" " ind2=" ">
      <subfield code="a">(NEBIS)004950797EBI01</subfield>
    </datafield>
    <datafield tag="035" ind1=" " ind2=" ">
      <subfield code="a">(CH-ZuSLS)991018304939705501</subfield>
    </datafield>
    <datafield tag="035" ind1=" " ind2=" ">
      <subfield code="a">(EXLNZ-41SLSP_NETWORK)991018304939705501</subfield>
    </datafield>
    <datafield tag="035" ind1=" " ind2=" ">
      <subfield code="a">(41SLSP_ABN)990001300680108281</subfield>
    </datafield>
    <datafield tag="040" ind1=" " ind2=" ">
      <subfield code="a">SzZuIDS BS/BE B400</subfield>
      <subfield code="e">kids</subfield>
      <subfield code="d">CH-ZuSLS</subfield>
    </datafield>
    <datafield tag="072" ind1=" " ind2="7">
      <subfield code="a">110</subfield>
      <subfield code="2">IDS LU</subfield>
    </datafield>
    <datafield tag="072" ind1=" " ind2="7">
      <subfield code="a">me</subfield>
      <subfield code="2">SzZuIDS BS/BE</subfield>
    </datafield>
    <datafield tag="072" ind1=" " ind2="7">
      <subfield code="a">ps</subfield>
      <subfield code="2">SzZuIDS BS/BE</subfield>
    </datafield>
    <datafield tag="082" ind1="1" ind2="4">
      <subfield code="a">612.8</subfield>
      <subfield code="2">22</subfield>
    </datafield>
    <datafield tag="082" ind1="1" ind2="4">
      <subfield code="a">150</subfield>
      <subfield code="2">15</subfield>
    </datafield>
    <datafield tag="082" ind1="1" ind2="4">
      <subfield code="a">610</subfield>
      <subfield code="2">15</subfield>
    </datafield>
    <datafield tag="084" ind1=" " ind2=" ">
      <subfield code="a">33</subfield>
      <subfield code="a">11</subfield>
      <subfield code="2">sdnb</subfield>
    </datafield>
    <datafield tag="084" ind1=" " ind2=" ">
      <subfield code="a">5,2</subfield>
      <subfield code="2">ssgn</subfield>
    </datafield>
    <datafield tag="084" ind1=" " ind2=" ">
      <subfield code="a">CR 1000</subfield>
      <subfield code="2">rvk</subfield>
    </datafield>
    <datafield tag="084" ind1=" " ind2=" ">
      <subfield code="a">CZ 1000</subfield>
      <subfield code="2">rvk</subfield>
    </datafield>
    <datafield tag="245" ind1="0" ind2="0">
      <subfield code="a">Biopsychologische Grundlagen der Pers&#246;nlichkeit</subfield>
      <subfield code="c">J&#252;rgen Hennig ... [et al.] (Hrsg.)</subfield>
    </datafield>
    <datafield tag="264" ind1=" " ind2="1">
      <subfield code="a">M&#252;nchen</subfield>
      <subfield code="b">Elsevier, Spektrum Akad. Verl.</subfield>
      <subfield code="c">2005</subfield>
    </datafield>
    <datafield tag="300" ind1=" " ind2=" ">
      <subfield code="a">722 S.</subfield>
      <subfield code="b">Ill.</subfield>
      <subfield code="c">25 cm</subfield>
    </datafield>
    <datafield tag="336" ind1=" " ind2=" ">
      <subfield code="b">txt</subfield>
      <subfield code="2">rdacontent</subfield>
    </datafield>
    <datafield tag="337" ind1=" " ind2=" ">
      <subfield code="b">n</subfield>
      <subfield code="2">rdamedia</subfield>
    </datafield>
    <datafield tag="338" ind1=" " ind2=" ">
      <subfield code="b">nc</subfield>
      <subfield code="2">rdacarrier</subfield>
    </datafield>
    <datafield tag="504" ind1=" " ind2=" ">
      <subfield code="a">Literaturverz. S. 631 - 702</subfield>
    </datafield>
    <datafield tag="520" ind1=" " ind2=" ">
      <subfield code="a">Das Buch stellt aus sozialwissenschaftlicher Perspektive zentrale Ursachen f&#252;r sozial ungleiche Bildungschancen in den Mittelpunkt der Betrachtung. In diesem Sammelband wird der aktuelle Stand empirischer Bildungsforschung diskutiert und neue Analysen vorgelegt. Ziel ist es, in systematischer Weise soziale Mechanismen aufzuzeigen, die zur Entstehung und Reproduktion von Bildungsungleichheiten beitragen.</subfield>
      <subfield code="5">nebis-U</subfield>
    </datafield>
    <datafield tag="650" ind1=" " ind2="7">
      <subfield code="a">Pers&#246;nlichkeitspsychologie</subfield>
      <subfield code="x">Psychophysiologie</subfield>
      <subfield code="2">idsbb</subfield>
    </datafield>
    <datafield tag="650" ind1=" " ind2="7">
      <subfield code="a">Psychophysiologie</subfield>
      <subfield code="x">Pers&#246;nlichkeitspsychologie</subfield>
      <subfield code="2">idsbb</subfield>
    </datafield>
    <datafield tag="650" ind1=" " ind2="7">
      <subfield code="a">Pers&#246;nlichkeitspsychologie</subfield>
      <subfield code="0">(DE-588)4075996-9</subfield>
      <subfield code="2">gnd</subfield>
    </datafield>
    <datafield tag="650" ind1=" " ind2="7">
      <subfield code="a">Physiologische Psychologie</subfield>
      <subfield code="0">(DE-588)4076126-5</subfield>
      <subfield code="2">gnd</subfield>
    </datafield>
    <datafield tag="650" ind1=" " ind2="7">
      <subfield code="a">Pers&#246;nlichkeitspsychologie</subfield>
      <subfield code="2">idszbz</subfield>
    </datafield>
    <datafield tag="650" ind1=" " ind2="7">
      <subfield code="a">Psychobiologie</subfield>
      <subfield code="2">idszbz</subfield>
    </datafield>
    <datafield tag="650" ind1=" " ind2="7">
      <subfield code="a">Neuropsychologie</subfield>
      <subfield code="2">idszbz</subfield>
    </datafield>
    <datafield tag="650" ind1=" " ind2="7">
      <subfield code="a">Pers&#246;nlichkeit</subfield>
      <subfield code="2">idszbz</subfield>
    </datafield>
    <datafield tag="650" ind1=" " ind2="7">
      <subfield code="a">Neuropsychologie</subfield>
      <subfield code="0">(DE-588)4135740-1</subfield>
      <subfield code="2">gnd</subfield>
    </datafield>
    <datafield tag="650" ind1=" " ind2="7">
      <subfield code="a">Psychobiologie</subfield>
      <subfield code="0">(DE-588)4047692-3</subfield>
      <subfield code="2">gnd</subfield>
    </datafield>
    <datafield tag="650" ind1=" " ind2="7">
      <subfield code="a">Psychophysiologische Diagnostik</subfield>
      <subfield code="0">(DE-588)4176252-6</subfield>
      <subfield code="2">gnd</subfield>
    </datafield>
    <datafield tag="650" ind1=" " ind2="7">
      <subfield code="a">Zentralnervensystem</subfield>
      <subfield code="0">(DE-588)4067637-7</subfield>
      <subfield code="2">gnd</subfield>
    </datafield>
    <datafield tag="650" ind1=" " ind2="7">
      <subfield code="a">Neurotransmitter</subfield>
      <subfield code="0">(DE-588)4041905-8</subfield>
      <subfield code="2">gnd</subfield>
    </datafield>
    <datafield tag="650" ind1=" " ind2="7">
      <subfield code="a">Endokrinium</subfield>
      <subfield code="0">(DE-588)4152176-6</subfield>
      <subfield code="2">gnd</subfield>
    </datafield>
    <datafield tag="650" ind1=" " ind2="7">
      <subfield code="a">Vegetatives Nervensystem</subfield>
      <subfield code="0">(DE-588)4062444-4</subfield>
      <subfield code="2">gnd</subfield>
    </datafield>
    <datafield tag="650" ind1=" " ind2="7">
      <subfield code="a">Immunsystem</subfield>
      <subfield code="0">(DE-588)4026643-6</subfield>
      <subfield code="2">gnd</subfield>
    </datafield>
    <datafield tag="650" ind1=" " ind2="7">
      <subfield code="a">Genetik</subfield>
      <subfield code="0">(DE-588)4071711-2</subfield>
      <subfield code="2">gnd</subfield>
    </datafield>
    <datafield tag="650" ind1=" " ind2="7">
      <subfield code="a">Pers&#246;nlichkeit</subfield>
      <subfield code="0">(DE-588)4045242-6</subfield>
      <subfield code="2">gnd</subfield>
    </datafield>
    <datafield tag="650" ind1=" " ind2="7">
      <subfield code="a">Pers&#246;nlichkeitsforschung</subfield>
      <subfield code="0">(DE-588)4173865-2</subfield>
      <subfield code="2">gnd</subfield>
    </datafield>
    <datafield tag="650" ind1=" " ind2="7">
      <subfield code="a">Disposition</subfield>
      <subfield code="g">Psychologie</subfield>
      <subfield code="0">(DE-588)4363054-6</subfield>
      <subfield code="2">gnd</subfield>
    </datafield>
    <datafield tag="650" ind1=" " ind2="7">
      <subfield code="a">Pers&#246;nlichkeitsstruktur</subfield>
      <subfield code="0">(DE-588)4173874-3</subfield>
      <subfield code="2">gnd</subfield>
    </datafield>
    <datafield tag="650" ind1=" " ind2="7">
      <subfield code="a">Pers&#246;nlichkeitsfaktor</subfield>
      <subfield code="0">(DE-588)4173863-9</subfield>
      <subfield code="2">gnd</subfield>
    </datafield>
    <datafield tag="650" ind1=" " ind2="7">
      <subfield code="a">Neurotizismus</subfield>
      <subfield code="0">(DE-588)4171600-0</subfield>
      <subfield code="2">gnd</subfield>
    </datafield>
    <datafield tag="650" ind1=" " ind2="7">
      <subfield code="a">Extraversion</subfield>
      <subfield code="0">(DE-588)4131092-5</subfield>
      <subfield code="2">gnd</subfield>
    </datafield>
    <datafield tag="650" ind1=" " ind2="7">
      <subfield code="a">Psychotizismus</subfield>
      <subfield code="0">(DE-588)4176282-4</subfield>
      <subfield code="2">gnd</subfield>
    </datafield>
    <datafield tag="650" ind1=" " ind2="0">
      <subfield code="a">Personality</subfield>
    </datafield>
    <datafield tag="655" ind1=" " ind2="7">
      <subfield code="a">Lehrbuch</subfield>
      <subfield code="2">gnd-content</subfield>
    </datafield>
    <datafield tag="655" ind1=" " ind2="7">
      <subfield code="a">Lehrbuch</subfield>
      <subfield code="2">idszbz</subfield>
    </datafield>
    <datafield tag="690" ind1=" " ind2=" ">
      <subfield code="a">Pers&#246;nlichkeitspsychologie; Intelligenz; Konstrukt; Cortisol; Untersuchung; Aktivit&#228;t; Extraversion; Messung; Aggressivit&#228;t; Merkmal; Aktivierung; Geschlechtshormon; Achse; &#196;ngstlichkeit; Hypothalamus; King; Gen; Schulter; Befund; Abbau; Aspekt; Eigenschaft; Erblichkeit; Nervenleitgeschwindigkeit; Umwelteinfluss; Doping; Hypothese; Gehirn</subfield>
      <subfield code="2">idssg-J</subfield>
    </datafield>
    <datafield tag="690" ind1=" " ind2=" ">
      <subfield code="a">Seeking; Gesamtkonstrukt; Neurotizismus&#228;ngstlichkeit; Pers&#246;nlichkeitseigenschaft; Pers&#246;nlichkeitsmerkmal; Abwechslungssuche; Erblichkeitssch&#228;tzung; Gehirnaktivierung; Hypophysengonadenachse; Aktivierungsasymmetrie; Alphapower; Schilddr&#252;senhormon; Aktivierungstheorie; Alphafrequenz; Arterienpulsmessung; Hypophysenhinterlappen; Hypophysenschilddr&#252;senachse; Hypophysenvorderlappen; Intelligenzunterschied; Kontraktilit&#228;tsmessung; Nebennierenrindenachse; Neubauer; Neurotizismusdepressivit&#228;t; Pers&#246;nlichkeitsmessung; Pers&#246;nlichkeitsunterschied; Ruhezustand; Serotonergen; Umweltvarianz; Verhaltensaktivierung; Zustandsabh&#228;ngigkeit; Dendritenhypothese; Dopaminaktivit&#228;t; Frontallappenhypothese; Glukosemetabolismus; Hormonwirkung; Myelinhypothese; Neurotransmitteraktivit&#228;t; Peptidhormon; Prim&#228;rfaktor; Reflexaktivit&#228;t; Regulationsprozess; Reizverarbeitung; Vererbungsregel; Verhaltenshemmung; Wachstumshormon; Anlageumwelt; Erkl&#228;rungsmodell; Gef&#228;&#223;system; Gensystem; Hirnstammpotenzial; Hormonbereich; Kurzinhalt; Psychopathie; Sachregister; Schlussfolgerunge; Serotonerger; Stressverarbeitungsstil; Varianzquelle; Verhaltensgenetik</subfield>
      <subfield code="2">idssg-J</subfield>
    </datafield>
    <datafield tag="690" ind1=" " ind2=" ">
      <subfield code="a">Mehrfach Aktivierungs; elementare Aufgabe; genetischer Effekt; kardiodynamischer Kontrollmechanismus; kardiovaskul&#228;re Bedingung; kardiovaskul&#228;res System; molekulargenetischer Befund; physiologische Erkl&#228;rung; quantitative Untersuchung; strukturelle Beziehung; verwendeter Parameter; zentrale Ebene; zentraler Mechanismus; affektiver Stil; aktuelle Entwicklung; antisoziale Pers&#246;nlichkeit; assoziiertes Konstrukt; autonome Aktivierung; bildgebendes Verfahren; biologische Grundlage; biopsychologische Grundlage; dopaminerger Rezeptor; dopaminerge Synapse; dopaminerges System; elektrodermale Aktivit&#228;t; elektrodermale Bedingung; elektrodermale Extraversion; elektrodermale Labilit&#228;t; elektrodermales System; elektrophysiologische Methode; emotionale Labilit&#228;t; emotionales System; endokrine Pers&#246;nlichkeit; endokrines System; extraversionsassoziiertes Konstrukt; extraversionsassoziiertes Merkmal; funktionale Beziehung; gelernte Hilflosigkeit; genetische Analyse; genetische Varianzquelle; genetische Variation; genetische Vererbung; globale Dimension; grundlegende &#220;berlegung; hierarchisches System; historische Tradition; hohe Ordnung; h&#228;modynamischer Kontrollmechanismus; h&#228;modynamische Reaktion; immunologischer Parameter; individuelle Alphafrequenz; individuelle Differenz; integrativer Kontrollmechanismus; interindividuelle Differenz; interindividueller Unterschied; kardiodynamische Reaktion; kardiovaskul&#228;re Aktivit&#228;t; kardiovaskul&#228;re Regulation; kardiovaskul&#228;res System; kognitive Aufgabe; kognitive Beanspruchung; kortikale Aktivierung; menschliche Intelligenz; menschlicher Intelligenzunterschied; methodische Grundlage; molekulargenetischer Befund; molekulargenetische Untersuchung; motivationale Vs; multipeles Gensystem; m&#228;nnliche Person; negative Emotionalit&#228;t; neuroanatomischer Aspekt; neuroanatomische Struktur; neurobiologische Erkl&#228;rung; neuronales Netzwerk; neurotizismusassozii</subfield>
      <subfield code="2">idssg-J</subfield>
    </datafield>
    <datafield tag="690" ind1=" " ind2=" ">
      <subfield code="a">ertes Konstrukt; neurotizismusassoziiertes Merkmal; periphere Ebene; periphere Extraversion; peripherer Indikator; peripheres Katecholamin; peripherer Mechanismus; periphere Reizverarbeitung; positiv Emotionality; psychobiologischer Zusammenhang; psychoneuroimmunologische Forschung; psychotizismusaggressionsassoziiertes Merkmal; psychotizismusassoziiertes Konstrukt; psychotizismusassoziiertes Merkmal; quantitativ Trait; quantitative Verhaltensgenetik; reizevoziertes Potenzial; relevantes Pers&#246;nlichkeitsmerkmal; r&#228;umlicher Aspekt; spezifisches Gen; spezifische Region; sp&#228;te Komponente; umweltbedingter Effekt; unterschiedlich Aktivierungs; vegetative Pers&#246;nlichkeit; vegetatives System; verhaltensgenetischer Befund; verhaltensgenetische Untersuchung; verwandtes Konstrukt; weibliches Geschlechtshormon; zeitlicher Aspekt; zentralnerv&#246;se Aktivierung; zentralnerv&#246;ses Korrelat; zerebraler Glukosemetabolismus; zerebrale Intelligenz; zusammenfassende Schlussfolgerung</subfield>
      <subfield code="2">idssg-J</subfield>
    </datafield>
    <datafield tag="690" ind1=" " ind2=" ">
      <subfield code="a">Aggressivit&#228;t Psychotizismus Sensation Seeking; antisozial Pers&#246;nlichkeit Psychopathie; Depressivit&#228;t &#196;ngstlichkeit Neurotizismus; Extraversion Reward Dependence; Functional Magnetic Resonance; Geschlechtshormon Hypothalamus HypophysenGonadenachse Teil; Gray; G&#252;nter Schulter Aljoscha; Hypophysenhinterlappen Vasopressin Adiuretin; Immunsystem Grundlegende &#220;berlegungen; J&#252;rgen Hennig Petra Netter Grundlagen; Kontrolliertheit Constraint Gewissenhaftigkeit Conscientiousness; Neurotizismus Angstlichkeit Harm Avoidance; Pers&#246;nlichkeit J&#252;rgen Hennig Petra Netter Hrsg.; Petra Netter Vegetatives System; Psychotizimusassoziierte Pers&#246;nlichkeitsmerkmale Aggressivit&#228;t Impulsivit&#228;tSensation; Rainer Riemann; R&#252;diger Baltissen; Sensation Seeking Novelty Seeking; Wolfram Boucsein</subfield>
      <subfield code="2">idssg-J</subfield>
    </datafield>
    <datafield tag="690" ind1=" " ind2=" ">
      <subfield code="a">Lehrbuch</subfield>
      <subfield code="2">nebis-E4</subfield>
    </datafield>
    <datafield tag="690" ind1=" " ind2=" ">
      <subfield code="a">Pers&#246;nlichkeitspsychologie</subfield>
      <subfield code="2">nebis-E4</subfield>
    </datafield>
    <datafield tag="690" ind1=" " ind2=" ">
      <subfield code="a">Physiologische Psychologie</subfield>
      <subfield code="2">nebis-E4</subfield>
    </datafield>
    <datafield tag="690" ind1=" " ind2=" ">
      <subfield code="a">Neuropsychologie</subfield>
      <subfield code="2">nebis-E4</subfield>
    </datafield>
    <datafield tag="690" ind1=" " ind2=" ">
      <subfield code="a">Psychobiologie</subfield>
      <subfield code="2">nebis-E4</subfield>
    </datafield>
    <datafield tag="690" ind1=" " ind2=" ">
      <subfield code="a">Psychophysiologische Diagnostik</subfield>
      <subfield code="2">nebis-E4</subfield>
    </datafield>
    <datafield tag="690" ind1=" " ind2=" ">
      <subfield code="a">Zentralnervensystem</subfield>
      <subfield code="2">nebis-E4</subfield>
    </datafield>
    <datafield tag="690" ind1=" " ind2=" ">
      <subfield code="a">Neurotransmitter</subfield>
      <subfield code="2">nebis-E4</subfield>
    </datafield>
    <datafield tag="690" ind1=" " ind2=" ">
      <subfield code="a">Endokrinium</subfield>
      <subfield code="2">nebis-E4</subfield>
    </datafield>
    <datafield tag="690" ind1=" " ind2=" ">
      <subfield code="a">Vegetatives Nervensystem</subfield>
      <subfield code="2">nebis-E4</subfield>
    </datafield>
    <datafield tag="690" ind1=" " ind2=" ">
      <subfield code="a">Immunsystem</subfield>
      <subfield code="2">nebis-E4</subfield>
    </datafield>
    <datafield tag="690" ind1=" " ind2=" ">
      <subfield code="a">Genetik</subfield>
      <subfield code="2">nebis-E4</subfield>
    </datafield>
    <datafield tag="690" ind1=" " ind2=" ">
      <subfield code="a">Pers&#246;nlichkeit</subfield>
      <subfield code="2">nebis-E4</subfield>
    </datafield>
    <datafield tag="690" ind1=" " ind2=" ">
      <subfield code="a">Pers&#246;nlichkeitsforschung</subfield>
      <subfield code="2">nebis-E4</subfield>
    </datafield>
    <datafield tag="690" ind1=" " ind2=" ">
      <subfield code="a">Disposition (Psychologie)</subfield>
      <subfield code="2">nebis-E4</subfield>
    </datafield>
    <datafield tag="690" ind1=" " ind2=" ">
      <subfield code="a">Pers&#246;nlichkeitsstruktur</subfield>
      <subfield code="2">nebis-E4</subfield>
    </datafield>
    <datafield tag="690" ind1=" " ind2=" ">
      <subfield code="a">Pers&#246;nlichkeitsfaktor</subfield>
      <subfield code="2">nebis-E4</subfield>
    </datafield>
    <datafield tag="690" ind1=" " ind2=" ">
      <subfield code="a">Neurotizismus</subfield>
      <subfield code="2">nebis-E4</subfield>
    </datafield>
    <datafield tag="690" ind1=" " ind2=" ">
      <subfield code="a">Extraversion</subfield>
      <subfield code="2">nebis-E4</subfield>
    </datafield>
    <datafield tag="690" ind1=" " ind2=" ">
      <subfield code="a">Psychotizismus</subfield>
      <subfield code="2">nebis-E4</subfield>
    </datafield>
    <datafield tag="700" ind1="1" ind2=" ">
      <subfield code="a">Hennig, J&#252;rgen</subfield>
    </datafield>
    <datafield tag="856" ind1="4" ind2=" ">
      <subfield code="3">Inhaltsverzeichnis</subfield>
      <subfield code="u">https://www.ub.unibas.ch/tox/HBZ/HT013556444/PDF</subfield>
      <subfield code="q">pdf</subfield>
    </datafield>
    <datafield tag="900" ind1=" " ind2=" ">
      <subfield code="a">IDSZ2zbzmon200507f</subfield>
      <subfield code="c">IDSZ2hilb</subfield>
      <subfield code="d">IDSZ2zbzswk200507b</subfield>
      <subfield code="e">IDSZ2bisg</subfield>
    </datafield>
    <datafield tag="949" ind1=" " ind2=" ">
      <subfield code="a">https://www.ub.unibas.ch/tox/HBZ/HT013556444/PDF</subfield>
    </datafield>
    <datafield tag="957" ind1=" " ind2="7">
      <subfield code="a">Pers&#246;nlichkeitspsychologie</subfield>
      <subfield code="0">(DE-588)4075996-9</subfield>
      <subfield code="2">gnd</subfield>
      <subfield code="7">650</subfield>
      <subfield code="9">LOCAL</subfield>
    </datafield>
    <datafield tag="957" ind1=" " ind2="7">
      <subfield code="a">Physiologische Psychologie</subfield>
      <subfield code="0">(DE-588)4076126-5</subfield>
      <subfield code="2">gnd</subfield>
      <subfield code="7">650</subfield>
      <subfield code="9">LOCAL</subfield>
    </datafield>
    <datafield tag="957" ind1=" " ind2="7">
      <subfield code="a">Lehrbuch</subfield>
      <subfield code="2">gnd-content</subfield>
      <subfield code="7">655</subfield>
      <subfield code="9">LOCAL</subfield>
    </datafield>
    <datafield tag="958" ind1="1" ind2=" ">
      <subfield code="a">Hennig, J&#252;rgen</subfield>
      <subfield code="7">700</subfield>
      <subfield code="9">LOCAL</subfield>
    </datafield>
  </record>