
  <record>
    <leader>03143nam a2200625 c 4500</leader>
    <controlfield tag="001">990001300690108281</controlfield>
    <controlfield tag="005">20230424184529.0</controlfield>
    <controlfield tag="008">201011s2002    fr ||||| |||| 00| ||fre d</controlfield>
    <datafield tag="020" ind1=" " ind2=" ">
      <subfield code="a">2070763994</subfield>
    </datafield>
    <datafield tag="024" ind1="7" ind2=" ">
      <subfield code="a">http://catalogue.bnf.fr/ark:/12148/cb37714339k</subfield>
      <subfield code="2">uri</subfield>
    </datafield>
    <datafield tag="035" ind1=" " ind2=" ">
      <subfield code="a">(swissbib)227049071-41slsp_network</subfield>
    </datafield>
    <datafield tag="035" ind1=" " ind2=" ">
      <subfield code="a">227049071</subfield>
      <subfield code="9">ExL</subfield>
    </datafield>
    <datafield tag="035" ind1=" " ind2=" ">
      <subfield code="a">(RERO)R003140812-41slsp</subfield>
    </datafield>
    <datafield tag="035" ind1=" " ind2=" ">
      <subfield code="a">(IDSSG)000250576HSB01</subfield>
    </datafield>
    <datafield tag="035" ind1=" " ind2=" ">
      <subfield code="a">(IDSBB)002483336DSV01</subfield>
    </datafield>
    <datafield tag="035" ind1=" " ind2=" ">
      <subfield code="a">(IDSLU)000887918ILU01</subfield>
    </datafield>
    <datafield tag="035" ind1=" " ind2=" ">
      <subfield code="a">(NEBIS)004292404EBI01</subfield>
    </datafield>
    <datafield tag="035" ind1=" " ind2=" ">
      <subfield code="a">(CH-ZuSLS)991044672299705501</subfield>
    </datafield>
    <datafield tag="035" ind1=" " ind2=" ">
      <subfield code="a">(EXLNZ-41SLSP_NETWORK)991044672299705501</subfield>
    </datafield>
    <datafield tag="035" ind1=" " ind2=" ">
      <subfield code="a">(41SLSP_ABN)990001300690108281</subfield>
    </datafield>
    <datafield tag="040" ind1=" " ind2=" ">
      <subfield code="a">RERO vsbcvs</subfield>
      <subfield code="d">CH-ZuSLS</subfield>
    </datafield>
    <datafield tag="072" ind1=" " ind2="7">
      <subfield code="a">fr</subfield>
      <subfield code="2">rero</subfield>
    </datafield>
    <datafield tag="072" ind1=" " ind2="7">
      <subfield code="a">fl</subfield>
      <subfield code="2">SzZuIDS BS/BE</subfield>
    </datafield>
    <datafield tag="072" ind1=" " ind2="7">
      <subfield code="a">595</subfield>
      <subfield code="2">IDS LU</subfield>
    </datafield>
    <datafield tag="080" ind1="1" ind2=" ">
      <subfield code="a">RS REV</subfield>
    </datafield>
    <datafield tag="082" ind1="1" ind2="4">
      <subfield code="a">843.91</subfield>
      <subfield code="2">21</subfield>
    </datafield>
    <datafield tag="082" ind1="1" ind2="4">
      <subfield code="a">840</subfield>
      <subfield code="2">15</subfield>
    </datafield>
    <datafield tag="082" ind1="1" ind2="4">
      <subfield code="a">843</subfield>
      <subfield code="2">1</subfield>
    </datafield>
    <datafield tag="082" ind1="1" ind2="4">
      <subfield code="a">848.99</subfield>
    </datafield>
    <datafield tag="084" ind1=" " ind2=" ">
      <subfield code="a">IJ 30100</subfield>
      <subfield code="2">rvk</subfield>
    </datafield>
    <datafield tag="100" ind1="1" ind2=" ">
      <subfield code="6">880-01</subfield>
      <subfield code="a">Revaz, No&#235;lle</subfield>
      <subfield code="d">1968-....</subfield>
      <subfield code="0">(IDREF)102329346</subfield>
      <subfield code="4">cre</subfield>
    </datafield>
    <datafield tag="880" ind1="1" ind2=" ">
      <subfield code="a">Revaz, No&#235;lle</subfield>
      <subfield code="d">1968-</subfield>
      <subfield code="0">(DE-588)129403474</subfield>
      <subfield code="6">100-01</subfield>
    </datafield>
    <datafield tag="245" ind1="1" ind2="0">
      <subfield code="a">Rapport aux b&#234;tes</subfield>
      <subfield code="b">roman</subfield>
      <subfield code="c">No&#235;lle Revaz</subfield>
    </datafield>
    <datafield tag="264" ind1=" " ind2="1">
      <subfield code="a">[Paris]</subfield>
      <subfield code="b">Gallimard</subfield>
      <subfield code="c">2002</subfield>
    </datafield>
    <datafield tag="300" ind1=" " ind2=" ">
      <subfield code="a">225 p.</subfield>
      <subfield code="c">21 cm</subfield>
    </datafield>
    <datafield tag="336" ind1=" " ind2=" ">
      <subfield code="b">txt</subfield>
      <subfield code="2">rdacontent</subfield>
    </datafield>
    <datafield tag="337" ind1=" " ind2=" ">
      <subfield code="b">n</subfield>
      <subfield code="2">rdamedia</subfield>
    </datafield>
    <datafield tag="338" ind1=" " ind2=" ">
      <subfield code="b">nc</subfield>
      <subfield code="2">rdacarrier</subfield>
    </datafield>
    <datafield tag="500" ind1=" " ind2=" ">
      <subfield code="a">S&#233;lection Lettres fronti&#232;re 2002</subfield>
    </datafield>
    <datafield tag="510" ind1="4" ind2=" ">
      <subfield code="a">Le Passe-muraille, 2002, no 52 mars, p.9 (Pierre-Yves Lador)</subfield>
    </datafield>
    <datafield tag="510" ind1="4" ind2=" ">
      <subfield code="a">Artpress, 2002, juillet-ao&#251;t, p. 66 (Patrick Amine) ; La Quinzaine Litt&#233;raire, 2002, 826, p. 10-11 (Anne Thebaud) ; La Gruy&#232;re, 2002,14 f&#233;vrier, p.12 (Charly Veuthey) ; Le Courrier, 2002, 23 f&#233;vrier, p. 20 (Marc Van Dongen) ; Le Nouvelliste, 25.08.2020,p. 17 (Laurence de Coulon)</subfield>
    </datafield>
    <datafield tag="520" ind1="8" ind2=" ">
      <subfield code="a">"C'est venu l'heure du car postal qui a pos&#233; l'ouvrier. Par les fen&#234;tres de la cuisine on l'a regard&#233; venir : un ouvrier baraqu&#233; qui a rempli le chemin, le passage sous les arbres et tout le portail entier et qui est venu buter contre la porte de la cuisine : boum boum boum ! De pr&#232;s &#231;a fait sursauter mais j'ai pas eu peur comme V. qui a couru dans la chambre. Alors c'est comme d'habitude, c'est donc moi qui ai d&#251; ouvrir." C'est Paul qui parle, un paysan fruste et violent qui ne ch&#233;rit que ses b&#234;tes. Dans son ombre, sa femme, d&#233;test&#233;e et muette, souffre d'un mal qu'il refuse d'admettre. Lorsque l'ouvrier Georges, le temps d'une saison, s'installe chez eux &#224; la ferme, le regard de Paul insensiblement s'humanise.</subfield>
      <subfield code="5">RERO/vdcopp/01.2015</subfield>
    </datafield>
    <datafield tag="650" ind1=" " ind2="7">
      <subfield code="a">Bergbauer</subfield>
      <subfield code="0">(DE-588)4005618-1</subfield>
      <subfield code="2">gnd</subfield>
    </datafield>
    <datafield tag="650" ind1=" " ind2="7">
      <subfield code="a">Geschlechterverh&#228;ltnis</subfield>
      <subfield code="0">(DE-588)4020548-4</subfield>
      <subfield code="2">gnd</subfield>
    </datafield>
    <datafield tag="650" ind1=" " ind2="7">
      <subfield code="a">Gewalt</subfield>
      <subfield code="0">(DE-588)4020832-1</subfield>
      <subfield code="2">gnd</subfield>
    </datafield>
    <datafield tag="650" ind1=" " ind2="7">
      <subfield code="a">Franz&#246;sisch</subfield>
      <subfield code="0">(DE-588)4113615-9</subfield>
      <subfield code="2">gnd</subfield>
    </datafield>
    <datafield tag="650" ind1=" " ind2="7">
      <subfield code="a">Roman</subfield>
      <subfield code="0">(DE-588)4050479-7</subfield>
      <subfield code="2">gnd</subfield>
    </datafield>
    <datafield tag="650" ind1=" " ind2="7">
      <subfield code="a">Literatur</subfield>
      <subfield code="0">(DE-588)4035964-5</subfield>
      <subfield code="2">gnd</subfield>
    </datafield>
    <datafield tag="650" ind1=" " ind2="7">
      <subfield code="a">Schweiz</subfield>
      <subfield code="g">Motiv</subfield>
      <subfield code="0">(DE-588)4120027-5</subfield>
      <subfield code="2">gnd</subfield>
    </datafield>
    <datafield tag="650" ind1=" " ind2="0">
      <subfield code="a">French fiction</subfield>
      <subfield code="y">21st century</subfield>
    </datafield>
    <datafield tag="655" ind1=" " ind2="7">
      <subfield code="a">Fiktionale Darstellung</subfield>
      <subfield code="2">gnd-content</subfield>
    </datafield>
    <datafield tag="655" ind1=" " ind2="7">
      <subfield code="a">Text</subfield>
      <subfield code="2">gnd</subfield>
    </datafield>
    <datafield tag="655" ind1=" " ind2="7">
      <subfield code="a">Ausgabe</subfield>
      <subfield code="2">idszbz</subfield>
    </datafield>
    <datafield tag="690" ind1=" " ind2=" ">
      <subfield code="a">Roman; Tiere; Bericht</subfield>
      <subfield code="2">idssg-J</subfield>
    </datafield>
    <datafield tag="856" ind1="4" ind2=" ">
      <subfield code="u">https://unisg.link/hm00050667</subfield>
      <subfield code="z">Inhaltsverzeichnis</subfield>
    </datafield>
    <datafield tag="900" ind1=" " ind2=" ">
      <subfield code="a">IDSZ2zbzmon200209e</subfield>
      <subfield code="c">IDSZ2suse</subfield>
      <subfield code="d">IDSZ2zbzswk200209b</subfield>
      <subfield code="e">IDSZ2groc</subfield>
    </datafield>
    <datafield tag="949" ind1=" " ind2=" ">
      <subfield code="a">https://unisg.link/hm00050667</subfield>
    </datafield>
    <datafield tag="958" ind1="1" ind2=" ">
      <subfield code="a">Revaz, No&#235;lle</subfield>
      <subfield code="d">1968-</subfield>
      <subfield code="0">(DE-588)129403474</subfield>
      <subfield code="7">100</subfield>
      <subfield code="9">LOCAL</subfield>
    </datafield>
  </record>