
  <record>
    <leader>02205nam a2200613 c 4500</leader>
    <controlfield tag="001">990001300700108281</controlfield>
    <controlfield tag="005">20230424175207.0</controlfield>
    <controlfield tag="008">201012t20042004sz ||||| |||| 00| ||ger d</controlfield>
    <datafield tag="015" ind1=" " ind2=" ">
      <subfield code="a">GFR-DNB-04,N22,1298</subfield>
    </datafield>
    <datafield tag="020" ind1=" " ind2=" ">
      <subfield code="a">3905591812</subfield>
      <subfield code="q">Gebunden</subfield>
      <subfield code="c">EUR 22.00, CHF 39.00</subfield>
    </datafield>
    <datafield tag="035" ind1=" " ind2=" ">
      <subfield code="a">(swissbib)234053658-41slsp_network</subfield>
    </datafield>
    <datafield tag="035" ind1=" " ind2=" ">
      <subfield code="a">234053658</subfield>
      <subfield code="9">ExL</subfield>
    </datafield>
    <datafield tag="035" ind1=" " ind2=" ">
      <subfield code="a">(RERO)R003724286-41slsp</subfield>
    </datafield>
    <datafield tag="035" ind1=" " ind2=" ">
      <subfield code="a">(NEBIS)004817041EBI01</subfield>
    </datafield>
    <datafield tag="035" ind1=" " ind2=" ">
      <subfield code="a">(IDSBB)003512580DSV01</subfield>
    </datafield>
    <datafield tag="035" ind1=" " ind2=" ">
      <subfield code="a">(IDSLU)001042512ILU01</subfield>
    </datafield>
    <datafield tag="035" ind1=" " ind2=" ">
      <subfield code="a">(DDB)971014531</subfield>
    </datafield>
    <datafield tag="035" ind1=" " ind2=" ">
      <subfield code="a">(CH-ZuSLS)991139504059705501</subfield>
    </datafield>
    <datafield tag="035" ind1=" " ind2=" ">
      <subfield code="a">(EXLNZ-41SLSP_NETWORK)991139504059705501</subfield>
    </datafield>
    <datafield tag="035" ind1=" " ind2=" ">
      <subfield code="a">(41SLSP_ABN)990001300700108281</subfield>
    </datafield>
    <datafield tag="040" ind1=" " ind2=" ">
      <subfield code="a">RERO vsbcvs</subfield>
      <subfield code="b">ger</subfield>
      <subfield code="e">rda</subfield>
      <subfield code="d">CH-ZuSLS</subfield>
    </datafield>
    <datafield tag="041" ind1="1" ind2=" ">
      <subfield code="a">ger</subfield>
      <subfield code="h">fre</subfield>
    </datafield>
    <datafield tag="044" ind1=" " ind2=" ">
      <subfield code="a">sz</subfield>
      <subfield code="c">ch-bs</subfield>
    </datafield>
    <datafield tag="072" ind1=" " ind2="7">
      <subfield code="a">fr</subfield>
      <subfield code="2">rero</subfield>
    </datafield>
    <datafield tag="072" ind1=" " ind2="7">
      <subfield code="a">fl</subfield>
      <subfield code="2">SzZuIDS BS/BE</subfield>
    </datafield>
    <datafield tag="072" ind1=" " ind2="7">
      <subfield code="a">592</subfield>
      <subfield code="2">IDS LU</subfield>
    </datafield>
    <datafield tag="082" ind1="7" ind2="4">
      <subfield code="a">300</subfield>
      <subfield code="2">23sdnb</subfield>
    </datafield>
    <datafield tag="082" ind1="1" ind2="4">
      <subfield code="a">840</subfield>
      <subfield code="2">15</subfield>
    </datafield>
    <datafield tag="084" ind1=" " ind2=" ">
      <subfield code="a">840</subfield>
      <subfield code="2">sdnb</subfield>
    </datafield>
    <datafield tag="084" ind1=" " ind2=" ">
      <subfield code="a">B</subfield>
      <subfield code="2">sdnb</subfield>
    </datafield>
    <datafield tag="100" ind1="1" ind2=" ">
      <subfield code="6">880-01</subfield>
      <subfield code="a">Revaz, No&#235;lle</subfield>
      <subfield code="d">1968-....</subfield>
      <subfield code="0">(IDREF)102329346</subfield>
      <subfield code="4">cre</subfield>
    </datafield>
    <datafield tag="880" ind1="1" ind2=" ">
      <subfield code="6">100-01</subfield>
      <subfield code="a">Revaz, No&#235;lle</subfield>
      <subfield code="d">1968-</subfield>
      <subfield code="4">aut</subfield>
      <subfield code="0">(DE-588)129403474</subfield>
    </datafield>
    <datafield tag="240" ind1="1" ind2="0">
      <subfield code="a">Rapport aux b&#234;tes</subfield>
    </datafield>
    <datafield tag="245" ind1="1" ind2="0">
      <subfield code="a">Von wegen den Tieren</subfield>
      <subfield code="c">No&#235;lle Revaz ; aus dem Franz&#246;sischen von Andreas M&#252;nzner</subfield>
    </datafield>
    <datafield tag="264" ind1=" " ind2="1">
      <subfield code="a">Basel</subfield>
      <subfield code="a">Wien</subfield>
      <subfield code="b">Urs Engeler</subfield>
      <subfield code="c">[2004]</subfield>
    </datafield>
    <datafield tag="264" ind1=" " ind2="4">
      <subfield code="c">&#169; 2004</subfield>
    </datafield>
    <datafield tag="300" ind1=" " ind2=" ">
      <subfield code="a">307 Seiten</subfield>
      <subfield code="c">19 cm</subfield>
    </datafield>
    <datafield tag="336" ind1=" " ind2=" ">
      <subfield code="b">txt</subfield>
      <subfield code="2">rdacontent</subfield>
    </datafield>
    <datafield tag="337" ind1=" " ind2=" ">
      <subfield code="b">n</subfield>
      <subfield code="2">rdamedia</subfield>
    </datafield>
    <datafield tag="338" ind1=" " ind2=" ">
      <subfield code="b">nc</subfield>
      <subfield code="2">rdacarrier</subfield>
    </datafield>
    <datafield tag="490" ind1="1" ind2=" ">
      <subfield code="a">CH-Reihe</subfield>
    </datafield>
    <datafield tag="500" ind1=" " ind2=" ">
      <subfield code="a">Titelzusatz auf dem Umschlag: Roman</subfield>
    </datafield>
    <datafield tag="500" ind1=" " ind2=" ">
      <subfield code="a">S&#233;lection Lettres fronti&#232;re 2002</subfield>
    </datafield>
    <datafield tag="510" ind1="4" ind2=" ">
      <subfield code="a">Berner Zeitung, 17.12.2004, S.11 (Lucie Machac)</subfield>
    </datafield>
    <datafield tag="650" ind1=" " ind2="7">
      <subfield code="a">Bauer</subfield>
      <subfield code="0">(DE-588)4004763-5</subfield>
      <subfield code="2">gnd</subfield>
    </datafield>
    <datafield tag="650" ind1=" " ind2="7">
      <subfield code="a">Geschlechterverh&#228;ltnis</subfield>
      <subfield code="0">(DE-588)4020548-4</subfield>
      <subfield code="2">gnd</subfield>
    </datafield>
    <datafield tag="650" ind1=" " ind2="7">
      <subfield code="a">Gewalt</subfield>
      <subfield code="0">(DE-588)4020832-1</subfield>
      <subfield code="2">gnd</subfield>
    </datafield>
    <datafield tag="650" ind1=" " ind2="7">
      <subfield code="a">Sprachlosigkeit</subfield>
      <subfield code="0">(DE-588)4239328-0</subfield>
      <subfield code="2">gnd</subfield>
    </datafield>
    <datafield tag="655" ind1=" " ind2="7">
      <subfield code="a">Fiktionale Darstellung</subfield>
      <subfield code="2">gnd-content</subfield>
    </datafield>
    <datafield tag="700" ind1="1" ind2=" ">
      <subfield code="6">880-02</subfield>
      <subfield code="a">M&#252;nzner, Andreas</subfield>
      <subfield code="d">1967-</subfield>
      <subfield code="4">trl</subfield>
      <subfield code="0">(DE-588)123991056</subfield>
    </datafield>
    <datafield tag="880" ind1="1" ind2=" ">
      <subfield code="6">700-02</subfield>
      <subfield code="a">M&#252;nzner, Andreas</subfield>
      <subfield code="d">1967-....</subfield>
      <subfield code="0">(IDREF)07328033X</subfield>
    </datafield>
    <datafield tag="830" ind1=" " ind2="0">
      <subfield code="a">Collecziun CH</subfield>
      <subfield code="w">(RERO)0073406-41slsp</subfield>
    </datafield>
    <datafield tag="900" ind1=" " ind2=" ">
      <subfield code="a">REROnoselfmerge</subfield>
    </datafield>
    <datafield tag="900" ind1=" " ind2=" ">
      <subfield code="a">IDSZ2mugmon200410p</subfield>
      <subfield code="c">IDSZ2morg</subfield>
    </datafield>
    <datafield tag="958" ind1="1" ind2=" ">
      <subfield code="a">Revaz, No&#235;lle</subfield>
      <subfield code="d">1968-</subfield>
      <subfield code="0">(DE-588)129403474</subfield>
      <subfield code="7">100</subfield>
      <subfield code="9">LOCAL</subfield>
    </datafield>
    <datafield tag="958" ind1="1" ind2=" ">
      <subfield code="a">M&#252;nzner, Andreas</subfield>
      <subfield code="d">1967-</subfield>
      <subfield code="0">(DE-588)123991056</subfield>
      <subfield code="7">700</subfield>
      <subfield code="9">LOCAL</subfield>
    </datafield>
  </record>