
  <record>
    <leader>01986nam a2200541 c 4500</leader>
    <controlfield tag="001">990001300720108281</controlfield>
    <controlfield tag="005">20230424195811.0</controlfield>
    <controlfield tag="008">201011s2004    gw ||||| |||| 00| ||ger d</controlfield>
    <datafield tag="015" ind1=" " ind2=" ">
      <subfield code="a">GFR-CIP-03,N51,2204</subfield>
      <subfield code="a">DNB-04,A34,1896</subfield>
    </datafield>
    <datafield tag="016" ind1="7" ind2=" ">
      <subfield code="a">969402236</subfield>
      <subfield code="2">GyFmDB</subfield>
    </datafield>
    <datafield tag="020" ind1=" " ind2=" ">
      <subfield code="a">3498063731</subfield>
      <subfield code="q">Gb.</subfield>
      <subfield code="c">EUR 22.90, CHF 38.60</subfield>
    </datafield>
    <datafield tag="035" ind1=" " ind2=" ">
      <subfield code="a">(swissbib)22558123X-41slsp_network</subfield>
    </datafield>
    <datafield tag="035" ind1=" " ind2=" ">
      <subfield code="a">22558123X</subfield>
      <subfield code="9">ExL</subfield>
    </datafield>
    <datafield tag="035" ind1=" " ind2=" ">
      <subfield code="a">(RERO)R003703498-41slsp</subfield>
    </datafield>
    <datafield tag="035" ind1=" " ind2=" ">
      <subfield code="a">(NEBIS)004797689EBI01</subfield>
    </datafield>
    <datafield tag="035" ind1=" " ind2=" ">
      <subfield code="a">(IDSBB)003265920DSV01</subfield>
    </datafield>
    <datafield tag="035" ind1=" " ind2=" ">
      <subfield code="a">(IDSLU)000350338ILU01</subfield>
    </datafield>
    <datafield tag="035" ind1=" " ind2=" ">
      <subfield code="a">(DDB)969402236</subfield>
    </datafield>
    <datafield tag="035" ind1=" " ind2=" ">
      <subfield code="a">(CH-ZuSLS)991028850659705501</subfield>
    </datafield>
    <datafield tag="035" ind1=" " ind2=" ">
      <subfield code="a">(EXLNZ-41SLSP_NETWORK)991028850659705501</subfield>
    </datafield>
    <datafield tag="035" ind1=" " ind2=" ">
      <subfield code="a">(41SLSP_ABN)990001300720108281</subfield>
    </datafield>
    <datafield tag="040" ind1=" " ind2=" ">
      <subfield code="a">RERO frbcuc</subfield>
      <subfield code="d">CH-ZuSLS</subfield>
    </datafield>
    <datafield tag="041" ind1="1" ind2=" ">
      <subfield code="a">ger</subfield>
      <subfield code="h">spa</subfield>
    </datafield>
    <datafield tag="072" ind1=" " ind2="7">
      <subfield code="a">al</subfield>
      <subfield code="2">rero</subfield>
    </datafield>
    <datafield tag="072" ind1=" " ind2="7">
      <subfield code="a">ir</subfield>
      <subfield code="2">SzZuIDS BS/BE</subfield>
    </datafield>
    <datafield tag="072" ind1=" " ind2="7">
      <subfield code="a">592</subfield>
      <subfield code="2">IDS LU</subfield>
    </datafield>
    <datafield tag="084" ind1=" " ind2=" ">
      <subfield code="a">IR 8110</subfield>
      <subfield code="2">rvk</subfield>
    </datafield>
    <datafield tag="100" ind1="1" ind2=" ">
      <subfield code="6">880-01</subfield>
      <subfield code="a">Saramago, Jos&#233;</subfield>
      <subfield code="d">1922-2010</subfield>
      <subfield code="0">(IDREF)030867975</subfield>
      <subfield code="4">cre</subfield>
    </datafield>
    <datafield tag="880" ind1="1" ind2=" ">
      <subfield code="a">Saramago, Jos&#233;</subfield>
      <subfield code="d">1922-2010</subfield>
      <subfield code="0">(DE-588)118964038</subfield>
      <subfield code="6">100-01</subfield>
    </datafield>
    <datafield tag="245" ind1="1" ind2="0">
      <subfield code="a">&lt;&lt;Der&gt;&gt; Doppelg&#228;nger</subfield>
      <subfield code="b">Roman</subfield>
      <subfield code="c">Jos&#233; Saramago ; deutsch von Marianne Gareis</subfield>
    </datafield>
    <datafield tag="264" ind1=" " ind2="1">
      <subfield code="a">Reinbeck bei Hamburg</subfield>
      <subfield code="b">Rowohlt</subfield>
      <subfield code="c">2004</subfield>
    </datafield>
    <datafield tag="300" ind1=" " ind2=" ">
      <subfield code="a">381 S.</subfield>
      <subfield code="c">21 cm</subfield>
    </datafield>
    <datafield tag="336" ind1=" " ind2=" ">
      <subfield code="b">txt</subfield>
      <subfield code="2">rdacontent</subfield>
    </datafield>
    <datafield tag="337" ind1=" " ind2=" ">
      <subfield code="b">n</subfield>
      <subfield code="2">rdamedia</subfield>
    </datafield>
    <datafield tag="338" ind1=" " ind2=" ">
      <subfield code="b">nc</subfield>
      <subfield code="2">rdacarrier</subfield>
    </datafield>
    <datafield tag="500" ind1=" " ind2=" ">
      <subfield code="a">Originaltitel: O homem duplicado</subfield>
    </datafield>
    <datafield tag="650" ind1=" " ind2="7">
      <subfield code="a">Portugiesisch</subfield>
      <subfield code="2">idszbz</subfield>
    </datafield>
    <datafield tag="650" ind1=" " ind2="7">
      <subfield code="a">Roman</subfield>
      <subfield code="2">idszbz</subfield>
    </datafield>
    <datafield tag="650" ind1=" " ind2="7">
      <subfield code="a">Doppelg&#228;nger</subfield>
      <subfield code="0">(DE-588)4136043-6</subfield>
      <subfield code="2">gnd</subfield>
    </datafield>
    <datafield tag="650" ind1=" " ind2="7">
      <subfield code="a">Geschichtslehrer</subfield>
      <subfield code="0">(DE-588)4020528-9</subfield>
      <subfield code="2">gnd</subfield>
    </datafield>
    <datafield tag="650" ind1=" " ind2="7">
      <subfield code="a">Identit&#228;tskrise</subfield>
      <subfield code="0">(DE-588)4113988-4</subfield>
      <subfield code="2">gnd</subfield>
    </datafield>
    <datafield tag="650" ind1=" " ind2="7">
      <subfield code="a">Schauspieler</subfield>
      <subfield code="0">(DE-588)4052154-0</subfield>
      <subfield code="2">gnd</subfield>
    </datafield>
    <datafield tag="655" ind1=" " ind2="7">
      <subfield code="a">Fiktionale Darstellung</subfield>
      <subfield code="2">gnd-content</subfield>
    </datafield>
    <datafield tag="700" ind1="1" ind2=" ">
      <subfield code="a">Gareis, Marianne</subfield>
      <subfield code="d">1957-</subfield>
      <subfield code="0">(DE-588)137592493</subfield>
      <subfield code="6">880-02</subfield>
    </datafield>
    <datafield tag="880" ind1="1" ind2=" ">
      <subfield code="a">Gareis, Marianne</subfield>
      <subfield code="0">(RERO)A003280101</subfield>
      <subfield code="6">700-02</subfield>
    </datafield>
    <datafield tag="900" ind1=" " ind2=" ">
      <subfield code="a">REROnoselfmerge</subfield>
    </datafield>
    <datafield tag="900" ind1=" " ind2=" ">
      <subfield code="a">IDSZ2mugmon200410f</subfield>
      <subfield code="c">IDSZ2morg</subfield>
    </datafield>
    <datafield tag="900" ind1=" " ind2=" ">
      <subfield code="a">IDSZ2zbzmon200411l</subfield>
      <subfield code="c">IDSZ2staub</subfield>
      <subfield code="d">IDSZ2zbzswk200411b</subfield>
      <subfield code="e">IDSZ2brua</subfield>
    </datafield>
    <datafield tag="958" ind1="1" ind2=" ">
      <subfield code="a">Saramago, Jos&#233;</subfield>
      <subfield code="d">1922-2010</subfield>
      <subfield code="0">(DE-588)118964038</subfield>
      <subfield code="e">Verfasser</subfield>
      <subfield code="4">aut</subfield>
      <subfield code="7">100</subfield>
      <subfield code="9">LOCAL</subfield>
    </datafield>
    <datafield tag="958" ind1="1" ind2=" ">
      <subfield code="a">Gareis, Marianne</subfield>
      <subfield code="7">700</subfield>
      <subfield code="9">LOCAL</subfield>
    </datafield>
  </record>