
  <record>
    <leader>02311nam a2200673 c 4500</leader>
    <controlfield tag="001">990001300780108281</controlfield>
    <controlfield tag="005">20230424215855.0</controlfield>
    <controlfield tag="007">co |g|||||||||</controlfield>
    <controlfield tag="008">201011s2004    gw            00| | ger|d</controlfield>
    <datafield tag="015" ind1=" " ind2=" ">
      <subfield code="a">GFR-DNB-04,N04,0858</subfield>
    </datafield>
    <datafield tag="020" ind1=" " ind2=" ">
      <subfield code="a">3825282767</subfield>
      <subfield code="q">hbk. UTB</subfield>
    </datafield>
    <datafield tag="020" ind1=" " ind2=" ">
      <subfield code="a">3825282759</subfield>
      <subfield code="q">pbk. UTB</subfield>
    </datafield>
    <datafield tag="020" ind1=" " ind2=" ">
      <subfield code="a">3772030157</subfield>
      <subfield code="q">hbk. Francke</subfield>
    </datafield>
    <datafield tag="020" ind1=" " ind2=" ">
      <subfield code="a">3772030149</subfield>
      <subfield code="q">kt.</subfield>
      <subfield code="c">EUR 29,90</subfield>
    </datafield>
    <datafield tag="035" ind1=" " ind2=" ">
      <subfield code="a">(swissbib)218567189-41slsp_network</subfield>
    </datafield>
    <datafield tag="035" ind1=" " ind2=" ">
      <subfield code="a">218567189</subfield>
      <subfield code="9">ExL</subfield>
    </datafield>
    <datafield tag="035" ind1=" " ind2=" ">
      <subfield code="a">(NEBIS)004677537EBI01</subfield>
    </datafield>
    <datafield tag="035" ind1=" " ind2=" ">
      <subfield code="a">(IDSLU)000406827ILU01</subfield>
    </datafield>
    <datafield tag="035" ind1=" " ind2=" ">
      <subfield code="a">(DDB)969701845</subfield>
    </datafield>
    <datafield tag="035" ind1=" " ind2=" ">
      <subfield code="a">(CH-ZuSLS)991127519129705501</subfield>
    </datafield>
    <datafield tag="035" ind1=" " ind2=" ">
      <subfield code="a">(EXLNZ-41SLSP_NETWORK)991127519129705501</subfield>
    </datafield>
    <datafield tag="035" ind1=" " ind2=" ">
      <subfield code="a">(41SLSP_ABN)990001300780108281</subfield>
    </datafield>
    <datafield tag="040" ind1=" " ind2=" ">
      <subfield code="a">DDB</subfield>
      <subfield code="d">CH-ZuSLS</subfield>
    </datafield>
    <datafield tag="072" ind1=" " ind2="7">
      <subfield code="a">510</subfield>
      <subfield code="2">IDS LU</subfield>
    </datafield>
    <datafield tag="082" ind1="0" ind2="4">
      <subfield code="8">1\x</subfield>
      <subfield code="a">418</subfield>
      <subfield code="q">DE-101</subfield>
      <subfield code="2">22/ger</subfield>
    </datafield>
    <datafield tag="082" ind1="0" ind2="4">
      <subfield code="a">400</subfield>
    </datafield>
    <datafield tag="082" ind1="1" ind2="4">
      <subfield code="a">418</subfield>
      <subfield code="2">21</subfield>
    </datafield>
    <datafield tag="082" ind1="1" ind2="4">
      <subfield code="a">418.007</subfield>
      <subfield code="2">20</subfield>
    </datafield>
    <datafield tag="084" ind1=" " ind2=" ">
      <subfield code="a">ER 300</subfield>
      <subfield code="2">rvk</subfield>
    </datafield>
    <datafield tag="084" ind1=" " ind2=" ">
      <subfield code="a">ES 750</subfield>
      <subfield code="2">rvk</subfield>
    </datafield>
    <datafield tag="084" ind1=" " ind2=" ">
      <subfield code="a">ES 970</subfield>
      <subfield code="2">rvk</subfield>
    </datafield>
    <datafield tag="084" ind1=" " ind2=" ">
      <subfield code="a">GB 3010</subfield>
      <subfield code="2">rvk</subfield>
    </datafield>
    <datafield tag="084" ind1=" " ind2=" ">
      <subfield code="a">ES 600</subfield>
      <subfield code="2">rvk</subfield>
    </datafield>
    <datafield tag="245" ind1="0" ind2="0">
      <subfield code="a">Angewandte Linguistik</subfield>
      <subfield code="b">ein Lehrbuch</subfield>
      <subfield code="c">hrsg. von Karlfried Knapp ... [et al.]</subfield>
    </datafield>
    <datafield tag="264" ind1=" " ind2="1">
      <subfield code="a">T&#252;bingen</subfield>
      <subfield code="b">Francke</subfield>
      <subfield code="c">2004</subfield>
    </datafield>
    <datafield tag="300" ind1=" " ind2=" ">
      <subfield code="a">617 S.</subfield>
      <subfield code="b">Ill.</subfield>
      <subfield code="c">25 cm</subfield>
      <subfield code="e">1 CD-ROM</subfield>
    </datafield>
    <datafield tag="336" ind1=" " ind2=" ">
      <subfield code="b">txt</subfield>
      <subfield code="2">rdacontent</subfield>
    </datafield>
    <datafield tag="337" ind1=" " ind2=" ">
      <subfield code="b">n</subfield>
      <subfield code="2">rdamedia</subfield>
    </datafield>
    <datafield tag="338" ind1=" " ind2=" ">
      <subfield code="b">nc</subfield>
      <subfield code="2">rdacarrier</subfield>
    </datafield>
    <datafield tag="490" ind1="1" ind2=" ">
      <subfield code="a">UTB</subfield>
      <subfield code="v">8276</subfield>
      <subfield code="a">Sprachwissenschaften</subfield>
    </datafield>
    <datafield tag="650" ind1=" " ind2="7">
      <subfield code="a">Angewandte Linguistik</subfield>
      <subfield code="2">idszbz</subfield>
    </datafield>
    <datafield tag="650" ind1=" " ind2="7">
      <subfield code="a">Angewandte Linguistik</subfield>
      <subfield code="0">(DE-588)4127822-7</subfield>
      <subfield code="2">gnd</subfield>
    </datafield>
    <datafield tag="650" ind1=" " ind2="7">
      <subfield code="a">Schreiben</subfield>
      <subfield code="0">(DE-588)4116418-0</subfield>
      <subfield code="2">gnd</subfield>
    </datafield>
    <datafield tag="650" ind1=" " ind2="7">
      <subfield code="a">Schriftlichkeit</subfield>
      <subfield code="0">(DE-588)4077162-3</subfield>
      <subfield code="2">gnd</subfield>
    </datafield>
    <datafield tag="650" ind1=" " ind2="7">
      <subfield code="a">Alphabetisierung</subfield>
      <subfield code="0">(DE-588)4068576-7</subfield>
      <subfield code="2">gnd</subfield>
    </datafield>
    <datafield tag="650" ind1=" " ind2="7">
      <subfield code="a">Neue Medien</subfield>
      <subfield code="0">(DE-588)4196910-8</subfield>
      <subfield code="2">gnd</subfield>
    </datafield>
    <datafield tag="650" ind1=" " ind2="7">
      <subfield code="a">Kommunikation</subfield>
      <subfield code="0">(DE-588)4031883-7</subfield>
      <subfield code="2">gnd</subfield>
    </datafield>
    <datafield tag="650" ind1=" " ind2="7">
      <subfield code="a">&#214;ffentlichkeit</subfield>
      <subfield code="0">(DE-588)4043183-6</subfield>
      <subfield code="2">gnd</subfield>
    </datafield>
    <datafield tag="650" ind1=" " ind2="7">
      <subfield code="a">M&#252;ndliche Kommunikation</subfield>
      <subfield code="0">(DE-588)4138539-1</subfield>
      <subfield code="2">gnd</subfield>
    </datafield>
    <datafield tag="650" ind1=" " ind2="7">
      <subfield code="a">Mehrsprachigkeit</subfield>
      <subfield code="0">(DE-588)4038403-2</subfield>
      <subfield code="2">gnd</subfield>
    </datafield>
    <datafield tag="650" ind1=" " ind2="0">
      <subfield code="a">Applied linguistics</subfield>
    </datafield>
    <datafield tag="650" ind1=" " ind2="7">
      <subfield code="a">Linguistik</subfield>
      <subfield code="0">(DE-588)4074250-7</subfield>
      <subfield code="2">gnd</subfield>
    </datafield>
    <datafield tag="655" ind1=" " ind2="7">
      <subfield code="a">Lehrbuch</subfield>
      <subfield code="2">idszbz</subfield>
    </datafield>
    <datafield tag="655" ind1=" " ind2="7">
      <subfield code="a">Lehrbuch</subfield>
      <subfield code="2">gnd-content</subfield>
    </datafield>
    <datafield tag="700" ind1="1" ind2=" ">
      <subfield code="a">Knapp, Karlfried</subfield>
    </datafield>
    <datafield tag="830" ind1=" " ind2=" ">
      <subfield code="a">Uni-Taschenb&#252;cher</subfield>
      <subfield code="v">8276</subfield>
      <subfield code="w">(NEBIS)000058219EBI01</subfield>
    </datafield>
    <datafield tag="900" ind1=" " ind2=" ">
      <subfield code="a">IDSZ2zbzmon200411l</subfield>
      <subfield code="c">IDSZ2hilb</subfield>
      <subfield code="d">IDSZ2zbzswk200411b</subfield>
      <subfield code="e">IDSZ2boxm</subfield>
    </datafield>
    <datafield tag="900" ind1=" " ind2=" ">
      <subfield code="a">IDSERPHGR-PRIMO-INDEX</subfield>
    </datafield>
    <datafield tag="958" ind1="1" ind2=" ">
      <subfield code="a">Knapp, Karlfried</subfield>
      <subfield code="7">700</subfield>
      <subfield code="9">LOCAL</subfield>
    </datafield>
    <datafield tag="960" ind1=" " ind2=" ">
      <subfield code="a">Angewandte Linguistik</subfield>
      <subfield code="2">abn-YA</subfield>
      <subfield code="9">LOCAL</subfield>
    </datafield>
    <datafield tag="960" ind1=" " ind2=" ">
      <subfield code="a">Lehrbuch</subfield>
      <subfield code="2">abn-YA</subfield>
      <subfield code="9">LOCAL</subfield>
    </datafield>
  </record>